
@ARTICLE{charlot2001,
       author = {{Charlot}, St{\'e}phane and {Longhetti}, Marcella},
        title = "{Nebular emission from star-forming galaxies}",
      journal = {\mnras},
     keywords = {GALAXIES: GENERAL, GALAXIES: ISM, GALAXIES: STELLAR CONTENT, Astrophysics},
         year = 2001,
        month = may,
       volume = {323},
       number = {4},
        pages = {887-903},
          doi = {10.1046/j.1365-8711.2001.04260.x},
archivePrefix = {arXiv},
       eprint = {astro-ph/0101097},
 primaryClass = {astro-ph},
       adsurl = {https://ui.adsabs.harvard.edu/abs/2001MNRAS.323..887C},
      adsnote = {Provided by the SAO/NASA Astrophysics Data System}
}

@ARTICLE{brinchmann2013,
       author = {{Brinchmann}, Jarle and {Charlot}, St{\'e}phane and {Kauffmann}, Guinevere and {Heckman}, Tim and {White}, Simon D.~M. and {Tremonti}, Christy},
        title = "{Estimating gas masses and dust-to-gas ratios from optical spectroscopy}",
      journal = {\mnras},
     keywords = {galaxies: evolution, galaxies: fundamental parameters, galaxies: ISM, Astrophysics - Cosmology and Nongalactic Astrophysics},
         year = 2013,
        month = jul,
       volume = {432},
       number = {3},
        pages = {2112-2140},
          doi = {10.1093/mnras/stt551},
archivePrefix = {arXiv},
       eprint = {1304.3492},
 primaryClass = {astro-ph.CO},
       adsurl = {https://ui.adsabs.harvard.edu/abs/2013MNRAS.432.2112B},
      adsnote = {Provided by the SAO/NASA Astrophysics Data System}
}

@BOOK{ferland1996,
       author = {{Ferland}, G.~J.},
        title = "{Hazy, A Brief Introduction to Cloudy 90}",
         year = 1996,
       adsurl = {https://ui.adsabs.harvard.edu/abs/1996hbic.book.....F},
      adsnote = {Provided by the SAO/NASA Astrophysics Data System}
}

@ARTICLE{bruzual1993,
       author = {{Bruzual}, Gustavo and {Charlot}, Stephane},
        title = "{Spectral Evolution of Stellar Populations Using Isochrone Synthesis}",
      journal = {\apj},
     keywords = {Astronomical Models, Astronomical Spectroscopy, Stellar Evolution, Stellar Spectra, Astronomical Photometry, Color-Magnitude Diagram, Far Ultraviolet Radiation, Metallicity, Near Infrared Radiation, Planetary Nebulae, Red Shift, Sun, White Dwarf Stars, Astrophysics, GALAXIES: LUMINOSITY FUNCTION, MASS FUNCTION, GALAXIES: STELLAR CONTENT, STARS: EVOLUTION, ULTRAVIOLET: GALAXIES},
         year = 1993,
        month = mar,
       volume = {405},
        pages = {538},
          doi = {10.1086/172385},
       adsurl = {https://ui.adsabs.harvard.edu/abs/1993ApJ...405..538B},
      adsnote = {Provided by the SAO/NASA Astrophysics Data System}
}

@ARTICLE{conroy2009,
       author = {{Conroy}, Charlie and {Gunn}, James E. and {White}, Martin},
        title = "{The Propagation of Uncertainties in Stellar Population Synthesis Modeling. I. The Relevance of Uncertain Aspects of Stellar Evolution and the Initial Mass Function to the Derived Physical Properties of Galaxies}",
      journal = {\apj},
     keywords = {galaxies: evolution, galaxies: stellar content, stars: evolution, Astrophysics},
         year = 2009,
        month = jul,
       volume = {699},
       number = {1},
        pages = {486-506},
          doi = {10.1088/0004-637X/699/1/486},
archivePrefix = {arXiv},
       eprint = {0809.4261},
 primaryClass = {astro-ph},
       adsurl = {https://ui.adsabs.harvard.edu/abs/2009ApJ...699..486C},
      adsnote = {Provided by the SAO/NASA Astrophysics Data System}
}

@ARTICLE{conroy2010,
       author = {{Conroy}, Charlie and {Gunn}, James E.},
        title = "{The Propagation of Uncertainties in Stellar Population Synthesis Modeling. III. Model Calibration, Comparison, and Evaluation}",
      journal = {\apj},
     keywords = {galaxies: evolution, galaxies: stellar content, stars: evolution, Astrophysics - Cosmology and Nongalactic Astrophysics},
         year = 2010,
        month = apr,
       volume = {712},
       number = {2},
        pages = {833-857},
          doi = {10.1088/0004-637X/712/2/833},
archivePrefix = {arXiv},
       eprint = {0911.3151},
 primaryClass = {astro-ph.CO},
       adsurl = {https://ui.adsabs.harvard.edu/abs/2010ApJ...712..833C},
      adsnote = {Provided by the SAO/NASA Astrophysics Data System}
}


@ARTICLE{saltpeter1955,
       author = {{Saltpeter}, E.E.},
        title = "{Initial mass function}",
      journal = {\apj},
         year = 1955,
       volume = {121},
       number = {161}
}

@ARTICLE{chabrier2003,
       author = {{Chabrier}, Gilles},
        title = "{Galactic Stellar and Substellar Initial Mass Function}",
      journal = {\pasp},
     keywords = {Galaxies: Luminosity Function, Mass Function, Invited Reviews, Astrophysics},
         year = 2003,
        month = jul,
       volume = {115},
       number = {809},
        pages = {763-795},
          doi = {10.1086/376392},
archivePrefix = {arXiv},
       eprint = {astro-ph/0304382},
 primaryClass = {astro-ph},
       adsurl = {https://ui.adsabs.harvard.edu/abs/2003PASP..115..763C},
      adsnote = {Provided by the SAO/NASA Astrophysics Data System}
}

@BOOK{ferland1996,
       author = {{Ferland}, G.~J.},
        title = "{Hazy, A Brief Introduction to Cloudy 90}",
         year = 1996,
       adsurl = {https://ui.adsabs.harvard.edu/abs/1996hbic.book.....F},
      adsnote = {Provided by the SAO/NASA Astrophysics Data System}
}

@ARTICLE{ferland2017,
       author = {{Ferland}, G.~J. and {Chatzikos}, M. and {Guzm{\'a}n}, F. and {Lykins}, M.~L. and {van Hoof}, P.~A.~M. and {Williams}, R.~J.~R. and {Abel}, N.~P. and {Badnell}, N.~R. and {Keenan}, F.~P. and {Porter}, R.~L. and {Stancil}, P.~C.},
        title = "{The 2017 Release Cloudy}",
      journal = {\rmxaa},
     keywords = {atomic processes, galaxies: active, methods: numerical, molecular processes, radiation mechanisms: general, Astrophysics - Astrophysics of Galaxies},
         year = 2017,
        month = oct,
       volume = {53},
        pages = {385-438},
archivePrefix = {arXiv},
       eprint = {1705.10877},
 primaryClass = {astro-ph.GA},
       adsurl = {https://ui.adsabs.harvard.edu/abs/2017RMxAA..53..385F},
      adsnote = {Provided by the SAO/NASA Astrophysics Data System}
}

@INPROCEEDINGS{grevesse1989,
       author = {{Grevesse}, Nicolas and {Anders}, Edward},
        title = "{Solar-system abundances of the elements: A new table}",
     keywords = {Abundance, Chemical Composition, Solar System, Meteorites, Photosphere, Solar Corona, Tables (Data), Astrophysics, 96.50.Mt, 96.60.Fs, 95.30.-k, Composition, Fundamental aspects of astrophysics},
    booktitle = {Cosmic Abundances of Matter},
         year = 1989,
       editor = {{Waddington}, C. Jake},
       series = {American Institute of Physics Conference Series},
       volume = {183},
        month = jan,
        pages = {1-8},
          doi = {10.1063/1.38013},
       adsurl = {https://ui.adsabs.harvard.edu/abs/1989AIPC..183....1G},
      adsnote = {Provided by the SAO/NASA Astrophysics Data System}
}

@INPROCEEDINGS{grevesse1993,
       author = {{Grevesse}, N. and {Noels}, A.},
        title = "{Cosmic abundances of the elements.}",
     keywords = {Solar System: Element Abundances},
    booktitle = {Origin and Evolution of the Elements},
         year = 1993,
       editor = {{Prantzos}, N. and {Vangioni-Flam}, E. and {Casse}, M.},
        month = jan,
        pages = {15-25},
       adsurl = {https://ui.adsabs.harvard.edu/abs/1993oee..conf...15G},
      adsnote = {Provided by the SAO/NASA Astrophysics Data System}
}

@ARTICLE{cowie1986,
       author = {{Cowie}, Lennox L. and {Songaila}, Antoinette},
        title = "{High-resolution optical and ultraviolet absorption-line studies of interstellar gas.}",
      journal = {\araa},
     keywords = {Absorption Spectra, Interstellar Gas, Ubv Spectra, Abundance, Cosmology, Line Spectra, Molecular Clouds, Supernova Remnants, Astrophysics, COMET TAILS, DISCONTINUITY, HALLEY'S COMET, PLASMA DIAGNOSTICS, SPATIAL DISTRIBUTION, VELOCITY DISTRIBUTION, ASTRONOMICAL PHOTOGRAPHY, RADIAL VELOCITY, SPACE OBSERVATIONS (FROM EARTH)},
         year = 1986,
        month = jan,
       volume = {24},
        pages = {499-535},
          doi = {10.1146/annurev.aa.24.090186.002435},
       adsurl = {https://ui.adsabs.harvard.edu/abs/1986ARA&A..24..499C},
      adsnote = {Provided by the SAO/NASA Astrophysics Data System}
}

@INBOOK{jenkins1987,
       author = {{Jenkins}, Edward B.},
        title = "{Element Abundances in the Interstellar Atomic Material}",
     keywords = {Abundance, Interstellar Chemistry, Interstellar Extinction, Interstellar Matter, Absorption Spectra, H I Regions, H Ii Regions, Hot Stars, Stellar Envelopes, Astrophysics},
    booktitle = {Interstellar Processes},
         year = 1987,
       editor = {{Hollenbach}, David J. and {Thronson}, Harley A., Jr.},
       volume = {134},
        pages = {533},
          doi = {10.1007/978-94-009-3861-8_20},
       adsurl = {https://ui.adsabs.harvard.edu/abs/1987ASSL..134..533J},
      adsnote = {Provided by the SAO/NASA Astrophysics Data System}
}

@ARTICLE{garnett1995,
       author = {{Garnett}, D.~R. and {Dufour}, R.~J. and {Peimbert}, M. and {Torres-Peimbert}, S. and {Shields}, G.~A. and {Skillman}, E.~D. and {Terlevich}, E. and {Terlevich}, R.~J.},
        title = "{Si/O Abundance Ratios in Extragalactic H II Regions from Hubble Space Telescope UV Spectroscopy}",
      journal = {\apjl},
     keywords = {ISM: H II REGIONS, ISM: ABUNDANCES},
         year = 1995,
        month = aug,
       volume = {449},
        pages = {L77},
          doi = {10.1086/309620},
       adsurl = {https://ui.adsabs.harvard.edu/abs/1995ApJ...449L..77G},
      adsnote = {Provided by the SAO/NASA Astrophysics Data System}
}

@ARTICLE{asplund2009,
       author = {{Asplund}, Martin and {Grevesse}, Nicolas and {Sauval}, A. Jacques and {Scott}, Pat},
        title = "{The Chemical Composition of the Sun}",
      journal = {\araa},
     keywords = {Astrophysics - Solar and Stellar Astrophysics, Astrophysics - Earth and Planetary Astrophysics},
         year = 2009,
        month = sep,
       volume = {47},
       number = {1},
        pages = {481-522},
          doi = {10.1146/annurev.astro.46.060407.145222},
archivePrefix = {arXiv},
       eprint = {0909.0948},
 primaryClass = {astro-ph.SR},
       adsurl = {https://ui.adsabs.harvard.edu/abs/2009ARA&A..47..481A},
      adsnote = {Provided by the SAO/NASA Astrophysics Data System}
}

@ARTICLE{dopita2013,
       author = {{Dopita}, Michael A. and {Sutherland}, Ralph S. and {Nicholls}, David C. and {Kewley}, Lisa J. and {Vogt}, Fr{\'e}d{\'e}ric P.~A.},
        title = "{New Strong-line Abundance Diagnostics for H II Regions: Effects of {\ensuremath{\kappa}}-distributed Electron Energies and New Atomic Data}",
      journal = {\apjs},
     keywords = {atomic data, atomic processes, H II regions, ISM: abundances, plasmas, Astrophysics - Cosmology and Nongalactic Astrophysics},
         year = 2013,
        month = sep,
       volume = {208},
       number = {1},
          eid = {10},
        pages = {10},
          doi = {10.1088/0067-0049/208/1/10},
archivePrefix = {arXiv},
       eprint = {1307.5950},
 primaryClass = {astro-ph.CO},
       adsurl = {https://ui.adsabs.harvard.edu/abs/2013ApJS..208...10D},
      adsnote = {Provided by the SAO/NASA Astrophysics Data System}
}

@ARTICLE{vanzee1998,
       author = {{van Zee}, Liese and {Salzer}, John J. and {Haynes}, Martha P. and {O'Donoghue}, Aileen A. and {Balonek}, Thomas J.},
        title = "{Spectroscopy of Outlying H II Regions in Spiral Galaxies: Abundances and Radial Gradients}",
      journal = {\aj},
     keywords = {GALAXIES: ABUNDANCES, GALAXIES: ISM, GALAXIES: SPIRAL, Astrophysics},
         year = 1998,
        month = dec,
       volume = {116},
       number = {6},
        pages = {2805-2833},
          doi = {10.1086/300647},
archivePrefix = {arXiv},
       eprint = {astro-ph/9808315},
 primaryClass = {astro-ph},
       adsurl = {https://ui.adsabs.harvard.edu/abs/1998AJ....116.2805V},
      adsnote = {Provided by the SAO/NASA Astrophysics Data System}
}

@ARTICLE{jenkins2009,
       author = {{Jenkins}, Edward B.},
        title = "{A Unified Representation of Gas-Phase Element Depletions in the Interstellar Medium}",
      journal = {\apj},
     keywords = {ISM: abundances, ISM: atoms, ultraviolet: ISM, Astrophysics - Galaxy Astrophysics},
         year = 2009,
        month = aug,
       volume = {700},
       number = {2},
        pages = {1299-1348},
          doi = {10.1088/0004-637X/700/2/1299},
archivePrefix = {arXiv},
       eprint = {0905.3173},
 primaryClass = {astro-ph.GA},
       adsurl = {https://ui.adsabs.harvard.edu/abs/2009ApJ...700.1299J},
      adsnote = {Provided by the SAO/NASA Astrophysics Data System}
}

@ARTICLE{lodders2003,
       author = {{Lodders}, Katharina},
        title = "{Solar System Abundances and Condensation Temperatures of the Elements}",
      journal = {\apj},
     keywords = {Astrochemistry, Meteors, Meteoroids, Solar System: Formation- Sun: Abundances, Sun: Photosphere},
         year = 2003,
        month = jul,
       volume = {591},
       number = {2},
        pages = {1220-1247},
          doi = {10.1086/375492},
       adsurl = {https://ui.adsabs.harvard.edu/abs/2003ApJ...591.1220L},
      adsnote = {Provided by the SAO/NASA Astrophysics Data System}
}

@ARTICLE{charlot2000,
       author = {{Charlot}, St{\'e}phane and {Fall}, S. Michael},
        title = "{A Simple Model for the Absorption of Starlight by Dust in Galaxies}",
      journal = {\apj},
     keywords = {ISM: Dust, Extinction, Galaxies: ISM, Galaxies: Starburst, Infrared: Galaxies, Ultraviolet: Galaxies, Astrophysics},
         year = 2000,
        month = aug,
       volume = {539},
       number = {2},
        pages = {718-731},
          doi = {10.1086/309250},
archivePrefix = {arXiv},
       eprint = {astro-ph/0003128},
 primaryClass = {astro-ph},
       adsurl = {https://ui.adsabs.harvard.edu/abs/2000ApJ...539..718C},
      adsnote = {Provided by the SAO/NASA Astrophysics Data System}
}

@ARTICLE{pettini2004,
       author = {{Pettini}, Max and {Pagel}, Bernard E.~J.},
        title = "{[OIII]/[NII] as an abundance indicator at high redshift}",
      journal = {\mnras},
     keywords = {ISM: abundances, HII regions, galaxies: abundances, Astrophysics},
         year = 2004,
        month = mar,
       volume = {348},
       number = {3},
        pages = {L59-L63},
          doi = {10.1111/j.1365-2966.2004.07591.x},
archivePrefix = {arXiv},
       eprint = {astro-ph/0401128},
 primaryClass = {astro-ph},
       adsurl = {https://ui.adsabs.harvard.edu/abs/2004MNRAS.348L..59P},
      adsnote = {Provided by the SAO/NASA Astrophysics Data System}
}

@ARTICLE{boselli10,
   author = {{Boselli}, A. and {Eales}, S. and {Cortese}, L. and {Bendo}, G. and 
	{Chanial}, P. and {Buat}, V. and {Davies}, J. and {Auld}, R. and 
	{Rigby}, E. and {Baes}, M. and et al.},
    title = "{The Herschel Reference Survey}",
  journal = {\pasp},
archivePrefix = "arXiv",
   eprint = {1001.5136},
 primaryClass = "astro-ph.CO",
 keywords = {Galaxies},
     year = 2010,
    month = mar,
   volume = 122,
    pages = {261-287},
      doi = {10.1086/651535},
   adsurl = {http://adsabs.harvard.edu/abs/2010PASP..122..261B},
  adsnote = {Provided by the SAO/NASA Astrophysics Data System}
}

@ARTICLE{feldmann2020,
       author = {{Feldmann}, Robert},
        title = "{The link between star formation and gas in nearby galaxies}",
      journal = {Communications Physics},
     keywords = {Astrophysics - Astrophysics of Galaxies},
         year = 2020,
        month = dec,
       volume = {3},
       number = {1},
          eid = {226},
        pages = {226},
          doi = {10.1038/s42005-020-00493-0},
archivePrefix = {arXiv},
       eprint = {2012.05914},
 primaryClass = {astro-ph.GA},
       adsurl = {https://ui.adsabs.harvard.edu/abs/2020CmPhy...3..226F},
      adsnote = {Provided by the SAO/NASA Astrophysics Data System}
}

@ARTICLE{lilly2013,
       author = {{Lilly}, Simon J. and {Carollo}, C. Marcella and {Pipino}, Antonio and {Renzini}, Alvio and {Peng}, Yingjie},
        title = "{Gas Regulation of Galaxies: The Evolution of the Cosmic Specific Star Formation Rate, the Metallicity-Mass-Star-formation Rate Relation, and the Stellar Content of Halos}",
      journal = {\apj},
     keywords = {dark matter, galaxies: abundances, galaxies: evolution, galaxies: halos, galaxies: ISM, Astrophysics - Cosmology and Nongalactic Astrophysics},
         year = 2013,
        month = aug,
       volume = {772},
       number = {2},
          eid = {119},
        pages = {119},
          doi = {10.1088/0004-637X/772/2/119},
archivePrefix = {arXiv},
       eprint = {1303.5059},
 primaryClass = {astro-ph.CO},
       adsurl = {https://ui.adsabs.harvard.edu/abs/2013ApJ...772..119L},
      adsnote = {Provided by the SAO/NASA Astrophysics Data System}
}

@ARTICLE{dave2020,
       author = {{Dav{\'e}}, Romeel and {Crain}, Robert A. and {Stevens}, Adam R.~H. and {Narayanan}, Desika and {Saintonge}, Amelie and {Catinella}, Barbara and {Cortese}, Luca},
        title = "{Galaxy cold gas contents in modern cosmological hydrodynamic simulations}",
      journal = {\mnras},
     keywords = {ISM: evolution, galaxies: disc, galaxies: evolution, galaxies: formation, methods: numerical, Astrophysics - Astrophysics of Galaxies},
         year = 2020,
        month = sep,
       volume = {497},
       number = {1},
        pages = {146-166},
          doi = {10.1093/mnras/staa1894},
archivePrefix = {arXiv},
       eprint = {2002.07226},
 primaryClass = {astro-ph.GA},
       adsurl = {https://ui.adsabs.harvard.edu/abs/2020MNRAS.497..146D},
      adsnote = {Provided by the SAO/NASA Astrophysics Data System}
}


@ARTICLE{cicone17,
       author = {{Cicone}, C. and {Bothwell}, M. and {Wagg}, J. and {M{\o}ller}, P. and {De Breuck}, C. and {Zhang}, Z. and {Mart{\'\i}n}, S. and {Maiolino}, R. and {Severgnini}, P. and {Aravena}, M. and {Belfiore}, F. and {Espada}, D. and {Fl{\"u}tsch}, A. and {Impellizzeri}, V. and {Peng}, Y. and {Raj}, M.~A. and {Ram{\'\i}rez-Olivencia}, N. and {Riechers}, D. and {Schawinski}, K.},
        title = "{The final data release of ALLSMOG: a survey of CO in typical local low-M$_{{\ensuremath{*}}}$ star-forming galaxies}",
      journal = {\aap},
     keywords = {galaxies: ISM, galaxies: general, galaxies: star formation, Astrophysics - Astrophysics of Galaxies},
         year = 2017,
        month = aug,
       volume = {604},
          eid = {A53},
        pages = {A53},
          doi = {10.1051/0004-6361/201730605},
archivePrefix = {arXiv},
       eprint = {1705.05851},
 primaryClass = {astro-ph.GA},
       adsurl = {https://ui.adsabs.harvard.edu/abs/2017A&A...604A..53C},
      adsnote = {Provided by the SAO/NASA Astrophysics Data System}
}

@ARTICLE{young95,
   author = {{Young}, J.~S. and {Xie}, S. and {Tacconi}, L. and {Knezek}, P. and 
	{Viscuso}, P. and et al.
	},
    title = "{The FCRAO Extragalactic CO Survey. I. The Data}",
  journal = {\apjs},
 keywords = {GALAXIES: ISM, ISM: MOLECULES, SURVEYS},
     year = 1995,
    month = may,
   volume = 98,
    pages = {219-+},
      doi = {10.1086/192159},
   adsurl = {http://adsabs.harvard.edu/abs/1995ApJS...98..219Y},
  adsnote = {Provided by the SAO/NASA Astrophysics Data System}
}

@ARTICLE{saintonge22,
       author = {{Saintonge}, Am{\'e}lie and {Catinella}, Barbara},
        title = "{The Cold Interstellar Medium of Galaxies in the Local Universe}",
      journal = {\araa},
     keywords = {Astrophysics - Astrophysics of Galaxies, Astrophysics - Cosmology and Nongalactic Astrophysics},
         year = 2022,
        month = aug,
       volume = {60},
        pages = {319-361},
          doi = {10.1146/annurev-astro-021022-043545},
archivePrefix = {arXiv},
       eprint = {2202.00690},
 primaryClass = {astro-ph.GA},
       adsurl = {https://ui.adsabs.harvard.edu/abs/2022ARA&A..60..319S},
      adsnote = {Provided by the SAO/NASA Astrophysics Data System}
}


@ARTICLE{saintonge2018,
       author = {{Saintonge}, Am{\'e}lie and {Wilson}, Christine D. and {Xiao}, Ting and {Lin}, Lihwai and {Hwang}, Ho Seong and {Tosaki}, Tomoka and {Bureau}, Martin and {Cigan}, Phillip J. and {Clark}, Christopher J.~R. and {Clements}, David L. and {De Looze}, Ilse and {Dharmawardena}, Thavisha and {Gao}, Yang and {Gear}, Walter K. and {Greenslade}, Joshua and {Lamperti}, Isabella and {Lee}, Jong Chul and {Li}, Cheng and {Micha{\l}owski}, Micha{\l} J. and {Mok}, Angus and {Pan}, Hsi-An and {Sansom}, Anne E. and {Sargent}, Mark and {Smith}, Matthew W.~L. and {Williams}, Thomas and {Yang}, Chentao and {Zhu}, Ming and {Accurso}, Gioacchino and {Barmby}, Pauline and {Brinks}, Elias and {Bourne}, Nathan and {Brown}, Toby and {Chung}, Aeree and {Chung}, Eun Jung and {Cibinel}, Anna and {Coppin}, Kristen and {Davies}, Jonathan and {Davis}, Timothy A. and {Eales}, Steve and {Fanciullo}, Lapo and {Fang}, Taotao and {Gao}, Yu and {Glass}, David H.~W. and {Gomez}, Haley L. and {Greve}, Thomas and {He}, Jinhua and {Ho}, Luis C. and {Huang}, Feng and {Jeong}, Hyunjin and {Jiang}, Xuejian and {Jiao}, Qian and {Kemper}, Francisca and {Kim}, Ji Hoon and {Kim}, Minjin and {Kim}, Taehyun and {Ko}, Jongwan and {Kong}, Xu and {Lacaille}, Kevin and {Lacey}, Cedric G. and {Lee}, Bumhyun and {Lee}, Joon Hyeop and {Lee}, Wing-Kit and {Masters}, Karen and {Oh}, Se-Heon and {Papadopoulos}, Padelis and {Park}, Changbom and {Park}, Sung-Joon and {Parsons}, Harriet and {Rowlands}, Kate and {Scicluna}, Peter and {Scudder}, Jillian M. and {Sethuram}, Ramya and {Serjeant}, Stephen and {Shao}, Yali and {Sheen}, Yun-Kyeong and {Shi}, Yong and {Shim}, Hyunjin and {Smith}, Connor M.~A. and {Spekkens}, Kristine and {Tsai}, An-Li and {Verma}, Aprajita and {Urquhart}, Sheona and {Violino}, Giulio and {Viti}, Serena and {Wake}, David and {Wang}, Junfeng and {Wouterloot}, Jan and {Yang}, Yujin and {Yim}, Kijeong and {Yuan}, Fangting and {Zheng}, Zheng},
        title = "{JINGLE, a JCMT legacy survey of dust and gas for galaxy evolution studies - I. Survey overview and first results}",
      journal = {\mnras},
     keywords = {ISM: general, galaxies: evolution, galaxies: ISM, galaxies: photmetry, Astrophysics - Astrophysics of Galaxies},
         year = 2018,
        month = dec,
       volume = {481},
       number = {3},
        pages = {3497-3519},
          doi = {10.1093/mnras/sty2499},
archivePrefix = {arXiv},
       eprint = {1809.07336},
 primaryClass = {astro-ph.GA},
       adsurl = {https://ui.adsabs.harvard.edu/abs/2018MNRAS.481.3497S},
      adsnote = {Provided by the SAO/NASA Astrophysics Data System}
}

@ARTICLE{lamperti2019,
       author = {{Lamperti}, Isabella and {Saintonge}, Am{\'e}lie and {De Looze}, Ilse and {Accurso}, Gioacchino and {Clark}, Christopher J.~R. and {Smith}, Matthew W.~L. and {Wilson}, Christine D. and {Brinks}, Elias and {Brown}, Toby and {Bureau}, Martin and {Clements}, David L. and {Eales}, Stephen and {Glass}, David H.~W. and {Hwang}, Ho Seong and {Lee}, Jong Chul and {Lin}, Lihwai and {Michalowski}, Michal J. and {Sargent}, Mark and {Williams}, Thomas G. and {Xiao}, Ting and {Yang}, Chentao},
        title = "{JINGLE - V. Dust properties of nearby galaxies derived from hierarchical Bayesian SED fitting}",
      journal = {\mnras},
     keywords = {dust, extinction, galaxies: evolution, galaxies: ISM, submillimetre: ISM, Astrophysics - Astrophysics of Galaxies},
         year = 2019,
        month = nov,
       volume = {489},
       number = {3},
        pages = {4389-4417},
          doi = {10.1093/mnras/stz2311},
archivePrefix = {arXiv},
       eprint = {1909.05266},
 primaryClass = {astro-ph.GA},
       adsurl = {https://ui.adsabs.harvard.edu/abs/2019MNRAS.489.4389L},
      adsnote = {Provided by the SAO/NASA Astrophysics Data System}
}

@ARTICLE{saintonge2017,
       author = {{Saintonge}, Am{\'e}lie and {Catinella}, Barbara and {Tacconi}, Linda J. and {Kauffmann}, Guinevere and {Genzel}, Reinhard and {Cortese}, Luca and {Dav{\'e}}, Romeel and {Fletcher}, Thomas J. and {Graci{\'a}-Carpio}, Javier and {Kramer}, Carsten and {Heckman}, Timothy M. and {Janowiecki}, Steven and {Lutz}, Katharina and {Rosario}, David and {Schiminovich}, David and {Schuster}, Karl and {Wang}, Jing and {Wuyts}, Stijn and {Borthakur}, Sanchayeeta and {Lamperti}, Isabella and {Roberts-Borsani}, Guido W.},
        title = "{xCOLD GASS: The Complete IRAM 30 m Legacy Survey of Molecular Gas for Galaxy Evolution Studies}",
      journal = {\apjs},
     keywords = {galaxies: evolution, galaxies: ISM, galaxies: star formation, ISM: general, Astrophysics - Astrophysics of Galaxies},
         year = 2017,
        month = dec,
       volume = {233},
       number = {2},
          eid = {22},
        pages = {22},
          doi = {10.3847/1538-4365/aa97e0},
archivePrefix = {arXiv},
       eprint = {1710.02157},
 primaryClass = {astro-ph.GA},
       adsurl = {https://ui.adsabs.harvard.edu/abs/2017ApJS..233...22S},
      adsnote = {Provided by the SAO/NASA Astrophysics Data System}
}

@ARTICLE{bigiel2012,
       author = {{Bigiel}, F. and {Blitz}, L.},
        title = "{A Universal Neutral Gas Profile for nearby Disk Galaxies}",
      journal = {\apj},
     keywords = {galaxies: evolution, galaxies: ISM, Astrophysics - Cosmology and Nongalactic Astrophysics, Astrophysics - Astrophysics of Galaxies},
         year = 2012,
        month = sep,
       volume = {756},
       number = {2},
          eid = {183},
        pages = {183},
          doi = {10.1088/0004-637X/756/2/183},
archivePrefix = {arXiv},
       eprint = {1208.1505},
 primaryClass = {astro-ph.CO},
       adsurl = {https://ui.adsabs.harvard.edu/abs/2012ApJ...756..183B},
      adsnote = {Provided by the SAO/NASA Astrophysics Data System}
}

@ARTICLE{desi2016,
       author = {{DESI Collaboration} and {Aghamousa}, Amir and {Aguilar}, Jessica and {Ahlen}, Steve and {Alam}, Shadab and {Allen}, Lori E. and {Allende Prieto}, Carlos and {Annis}, James and {Bailey}, Stephen and {Balland}, Christophe and {Ballester}, Otger and {Baltay}, Charles and {Beaufore}, Lucas and {Bebek}, Chris and {Beers}, Timothy C. and {Bell}, Eric F. and {Bernal}, Jos{\'e} Luis and {Besuner}, Robert and {Beutler}, Florian and {Blake}, Chris and {Bleuler}, Hannes and {Blomqvist}, Michael and {Blum}, Robert and {Bolton}, Adam S. and {Briceno}, Cesar and {Brooks}, David and {Brownstein}, Joel R. and {Buckley-Geer}, Elizabeth and {Burden}, Angela and {Burtin}, Etienne and {Busca}, Nicolas G. and {Cahn}, Robert N. and {Cai}, Yan-Chuan and {Cardiel-Sas}, Laia and {Carlberg}, Raymond G. and {Carton}, Pierre-Henri and {Casas}, Ricard and {Castander}, Francisco J. and {Cervantes-Cota}, Jorge L. and {Claybaugh}, Todd M. and {Close}, Madeline and {Coker}, Carl T. and {Cole}, Shaun and {Comparat}, Johan and {Cooper}, Andrew P. and {Cousinou}, M. -C. and {Crocce}, Martin and {Cuby}, Jean-Gabriel and {Cunningham}, Daniel P. and {Davis}, Tamara M. and {Dawson}, Kyle S. and {de la Macorra}, Axel and {De Vicente}, Juan and {Delubac}, Timoth{\'e}e and {Derwent}, Mark and {Dey}, Arjun and {Dhungana}, Govinda and {Ding}, Zhejie and {Doel}, Peter and {Duan}, Yutong T. and {Ealet}, Anne and {Edelstein}, Jerry and {Eftekharzadeh}, Sarah and {Eisenstein}, Daniel J. and {Elliott}, Ann and {Escoffier}, St{\'e}phanie and {Evatt}, Matthew and {Fagrelius}, Parker and {Fan}, Xiaohui and {Fanning}, Kevin and {Farahi}, Arya and {Farihi}, Jay and {Favole}, Ginevra and {Feng}, Yu and {Fernandez}, Enrique and {Findlay}, Joseph R. and {Finkbeiner}, Douglas P. and {Fitzpatrick}, Michael J. and {Flaugher}, Brenna and {Flender}, Samuel and {Font-Ribera}, Andreu and {Forero-Romero}, Jaime E. and {Fosalba}, Pablo and {Frenk}, Carlos S. and {Fumagalli}, Michele and {Gaensicke}, Boris T. and {Gallo}, Giuseppe and {Garcia-Bellido}, Juan and {Gaztanaga}, Enrique and {Pietro Gentile Fusillo}, Nicola and {Gerard}, Terry and {Gershkovich}, Irena and {Giannantonio}, Tommaso and {Gillet}, Denis and {Gonzalez-de-Rivera}, Guillermo and {Gonzalez-Perez}, Violeta and {Gott}, Shelby and {Graur}, Or and {Gutierrez}, Gaston and {Guy}, Julien and {Habib}, Salman and {Heetderks}, Henry and {Heetderks}, Ian and {Heitmann}, Katrin and {Hellwing}, Wojciech A. and {Herrera}, David A. and {Ho}, Shirley and {Holland}, Stephen and {Honscheid}, Klaus and {Huff}, Eric and {Hutchinson}, Timothy A. and {Huterer}, Dragan and {Hwang}, Ho Seong and {Illa Laguna}, Joseph Maria and {Ishikawa}, Yuzo and {Jacobs}, Dianna and {Jeffrey}, Niall and {Jelinsky}, Patrick and {Jennings}, Elise and {Jiang}, Linhua and {Jimenez}, Jorge and {Johnson}, Jennifer and {Joyce}, Richard and {Jullo}, Eric and {Juneau}, St{\'e}phanie and {Kama}, Sami and {Karcher}, Armin and {Karkar}, Sonia and {Kehoe}, Robert and {Kennamer}, Noble and {Kent}, Stephen and {Kilbinger}, Martin and {Kim}, Alex G. and {Kirkby}, David and {Kisner}, Theodore and {Kitanidis}, Ellie and {Kneib}, Jean-Paul and {Koposov}, Sergey and {Kovacs}, Eve and {Koyama}, Kazuya and {Kremin}, Anthony and {Kron}, Richard and {Kronig}, Luzius and {Kueter-Young}, Andrea and {Lacey}, Cedric G. and {Lafever}, Robin and {Lahav}, Ofer and {Lambert}, Andrew and {Lampton}, Michael and {Landriau}, Martin and {Lang}, Dustin and {Lauer}, Tod R. and {Le Goff}, Jean-Marc and {Le Guillou}, Laurent and {Le Van Suu}, Auguste and {Lee}, Jae Hyeon and {Lee}, Su-Jeong and {Leitner}, Daniela and {Lesser}, Michael and {Levi}, Michael E. and {L'Huillier}, Benjamin and {Li}, Baojiu and {Liang}, Ming and {Lin}, Huan and {Linder}, Eric and {Loebman}, Sarah R. and {Luki{\'c}}, Zarija and {Ma}, Jun and {MacCrann}, Niall and {Magneville}, Christophe and {Makarem}, Laleh and {Manera}, Marc and {Manser}, Christopher J. and {Marshall}, Robert and {Martini}, Paul and {Massey}, Richard and {Matheson}, Thomas and {McCauley}, Jeremy and {McDonald}, Patrick and {McGreer}, Ian D. and {Meisner}, Aaron and {Metcalfe}, Nigel and {Miller}, Timothy N. and {Miquel}, Ramon and {Moustakas}, John and {Myers}, Adam and {Naik}, Milind and {Newman}, Jeffrey A. and {Nichol}, Robert C. and {Nicola}, Andrina and {Nicolati da Costa}, Luiz and {Nie}, Jundan and {Niz}, Gustavo and {Norberg}, Peder and {Nord}, Brian and {Norman}, Dara and {Nugent}, Peter and {O'Brien}, Thomas and {Oh}, Minji and {Olsen}, Knut A.~G. and {Padilla}, Cristobal and {Padmanabhan}, Hamsa and {Padmanabhan}, Nikhil and {Palanque-Delabrouille}, Nathalie and {Palmese}, Antonella and {Pappalardo}, Daniel and {P{\^a}ris}, Isabelle and {Park}, Changbom and {Patej}, Anna and {Peacock}, John A. and {Peiris}, Hiranya V. and {Peng}, Xiyan and {Percival}, Will J. and {Perruchot}, Sandrine and {Pieri}, Matthew M. and {Pogge}, Richard and {Pollack}, Jennifer E. and {Poppett}, Claire and {Prada}, Francisco and {Prakash}, Abhishek and {Probst}, Ronald G. and {Rabinowitz}, David and {Raichoor}, Anand and {Ree}, Chang Hee and {Refregier}, Alexandre and {Regal}, Xavier and {Reid}, Beth and {Reil}, Kevin and {Rezaie}, Mehdi and {Rockosi}, Constance M. and {Roe}, Natalie and {Ronayette}, Samuel and {Roodman}, Aaron and {Ross}, Ashley J. and {Ross}, Nicholas P. and {Rossi}, Graziano and {Rozo}, Eduardo and {Ruhlmann-Kleider}, Vanina and {Rykoff}, Eli S. and {Sabiu}, Cristiano and {Samushia}, Lado and {Sanchez}, Eusebio and {Sanchez}, Javier and {Schlegel}, David J. and {Schneider}, Michael and {Schubnell}, Michael and {Secroun}, Aur{\'e}lia and {Seljak}, Uros and {Seo}, Hee-Jong and {Serrano}, Santiago and {Shafieloo}, Arman and {Shan}, Huanyuan and {Sharples}, Ray and {Sholl}, Michael J. and {Shourt}, William V. and {Silber}, Joseph H. and {Silva}, David R. and {Sirk}, Martin M. and {Slosar}, Anze and {Smith}, Alex and {Smoot}, George F. and {Som}, Debopam and {Song}, Yong-Seon and {Sprayberry}, David and {Staten}, Ryan and {Stefanik}, Andy and {Tarle}, Gregory and {Sien Tie}, Suk and {Tinker}, Jeremy L. and {Tojeiro}, Rita and {Valdes}, Francisco and {Valenzuela}, Octavio and {Valluri}, Monica and {Vargas-Magana}, Mariana and {Verde}, Licia and {Walker}, Alistair R. and {Wang}, Jiali and {Wang}, Yuting and {Weaver}, Benjamin A. and {Weaverdyck}, Curtis and {Wechsler}, Risa H. and {Weinberg}, David H. and {White}, Martin and {Yang}, Qian and {Yeche}, Christophe and {Zhang}, Tianmeng and {Zhao}, Gong-Bo and {Zheng}, Yi and {Zhou}, Xu and {Zhou}, Zhimin and {Zhu}, Yaling and {Zou}, Hu and {Zu}, Ying},
        title = "{The DESI Experiment Part I: Science,Targeting, and Survey Design}",
      journal = {arXiv e-prints},
     keywords = {Astrophysics - Instrumentation and Methods for Astrophysics, Astrophysics - Cosmology and Nongalactic Astrophysics},
         year = 2016,
        month = oct,
          eid = {arXiv:1611.00036},
        pages = {arXiv:1611.00036},
archivePrefix = {arXiv},
       eprint = {1611.00036},
 primaryClass = {astro-ph.IM},
       adsurl = {https://ui.adsabs.harvard.edu/abs/2016arXiv161100036D},
      adsnote = {Provided by the SAO/NASA Astrophysics Data System}
}

@ARTICLE{tremonti2004,
       author = {{Tremonti}, Christy A. and {Heckman}, Timothy M. and {Kauffmann}, Guinevere and {Brinchmann}, Jarle and {Charlot}, St{\'e}phane and {White}, Simon D.~M. and {Seibert}, Mark and {Peng}, Eric W. and {Schlegel}, David J. and {Uomoto}, Alan and {Fukugita}, Masataka and {Brinkmann}, Jon},
        title = "{The Origin of the Mass-Metallicity Relation: Insights from 53,000 Star-forming Galaxies in the Sloan Digital Sky Survey}",
      journal = {\apj},
     keywords = {Galaxies: Abundances, Galaxies: Evolution, Galaxies: Fundamental Parameters, Galaxies: Statistics, Astrophysics},
         year = 2004,
        month = oct,
       volume = {613},
       number = {2},
        pages = {898-913},
          doi = {10.1086/423264},
archivePrefix = {arXiv},
       eprint = {astro-ph/0405537},
 primaryClass = {astro-ph},
       adsurl = {https://ui.adsabs.harvard.edu/abs/2004ApJ...613..898T},
      adsnote = {Provided by the SAO/NASA Astrophysics Data System}
}

@ARTICLE{kewley2008,
       author = {{Kewley}, Lisa J. and {Ellison}, Sara L.},
        title = "{Metallicity Calibrations and the Mass-Metallicity Relation for Star-forming Galaxies}",
      journal = {\apj},
     keywords = {galaxies: abundances, galaxies: fundamental parameters, galaxies: spiral, galaxies: starburst, techniques: spectroscopic, Astrophysics},
         year = 2008,
        month = jul,
       volume = {681},
       number = {2},
        pages = {1183-1204},
          doi = {10.1086/587500},
archivePrefix = {arXiv},
       eprint = {0801.1849},
 primaryClass = {astro-ph},
       adsurl = {https://ui.adsabs.harvard.edu/abs/2008ApJ...681.1183K},
      adsnote = {Provided by the SAO/NASA Astrophysics Data System}
}

@ARTICLE{kauffmann2003,
       author = {{Kauffmann}, Guinevere and {Heckman}, Timothy M. and {Tremonti}, Christy and {Brinchmann}, Jarle and {Charlot}, St{\'e}phane and {White}, Simon D.~M. and {Ridgway}, Susan E. and {Brinkmann}, Jon and {Fukugita}, Masataka and {Hall}, Patrick B. and {Ivezi{\'c}}, {\v{Z}}eljko and {Richards}, Gordon T. and {Schneider}, Donald P.},
        title = "{The host galaxies of active galactic nuclei}",
      journal = {\mnras},
     keywords = {galaxies: active, galaxies: Seyfert, galaxies: starburst, galaxies: stellar content, galaxies: structure, Astrophysics},
         year = 2003,
        month = dec,
       volume = {346},
       number = {4},
        pages = {1055-1077},
          doi = {10.1111/j.1365-2966.2003.07154.x},
archivePrefix = {arXiv},
       eprint = {astro-ph/0304239},
 primaryClass = {astro-ph},
       adsurl = {https://ui.adsabs.harvard.edu/abs/2003MNRAS.346.1055K},
      adsnote = {Provided by the SAO/NASA Astrophysics Data System}
}

@ARTICLE{wechsler2018,
       author = {{Wechsler}, Risa H. and {Tinker}, Jeremy L.},
        title = "{The Connection Between Galaxies and Their Dark Matter Halos}",
      journal = {\araa},
     keywords = {Astrophysics - Astrophysics of Galaxies, Astrophysics - Cosmology and Nongalactic Astrophysics},
         year = 2018,
        month = sep,
       volume = {56},
        pages = {435-487},
          doi = {10.1146/annurev-astro-081817-051756},
archivePrefix = {arXiv},
       eprint = {1804.03097},
 primaryClass = {astro-ph.GA},
       adsurl = {https://ui.adsabs.harvard.edu/abs/2018ARA&A..56..435W},
      adsnote = {Provided by the SAO/NASA Astrophysics Data System}
}

@MISC{morisset2013,
       author = {{Morisset}, Christophe},
        title = "{pyCloudy: Tools to manage astronomical Cloudy photoionization code}",
     keywords = {Software},
         year = 2013,
        month = apr,
          eid = {ascl:1304.020},
        pages = {ascl:1304.020},
archivePrefix = {ascl},
       eprint = {1304.020},
       adsurl = {https://ui.adsabs.harvard.edu/abs/2013ascl.soft04020M},
      adsnote = {Provided by the SAO/NASA Astrophysics Data System}
}

@ARTICLE{grevesse2010,
       author = {{Grevesse}, N. and {Asplund}, M. and {Sauval}, A.~J. and {Scott}, P.},
        title = "{The chemical composition of the Sun}",
      journal = {\apss},
     keywords = {Solar abundances},
         year = 2010,
        month = jul,
       volume = {328},
       number = {1-2},
        pages = {179-183},
          doi = {10.1007/s10509-010-0288-z},
       adsurl = {https://ui.adsabs.harvard.edu/abs/2010Ap&SS.328..179G},
      adsnote = {Provided by the SAO/NASA Astrophysics Data System}
}

@ARTICLE{devis2017,
       author = {{De Vis}, P. and {Gomez}, H.~L. and {Schofield}, S.~P. and {Maddox}, S. and {Dunne}, L. and {Baes}, M. and {Cigan}, P. and {Clark}, C.~J.~R. and {Gomez}, E.~L. and {Lara-L{\'o}pez}, M. and {Owers}, M.},
        title = "{Using dust, gas and stellar mass-selected samples to probe dust sources and sinks in low-metallicity galaxies}",
      journal = {\mnras},
     keywords = {dust, extinction, galaxies: dwarf, galaxies: evolution, galaxies: fundamental parameters, galaxies: ISM, galaxies: star formation, Astrophysics - Astrophysics of Galaxies},
         year = 2017,
        month = oct,
       volume = {471},
       number = {2},
        pages = {1743-1765},
          doi = {10.1093/mnras/stx981},
archivePrefix = {arXiv},
       eprint = {1705.02340},
 primaryClass = {astro-ph.GA},
       adsurl = {https://ui.adsabs.harvard.edu/abs/2017MNRAS.471.1743D},
      adsnote = {Provided by the SAO/NASA Astrophysics Data System}
}

@ARTICLE{byler2017,
       author = {{Byler}, Nell and {Dalcanton}, Julianne J. and {Conroy}, Charlie and {Johnson}, Benjamin D.},
        title = "{Nebular Continuum and Line Emission in Stellar Population Synthesis Models}",
      journal = {\apj},
     keywords = {galaxies: abundances, galaxies: ISM, galaxies: star formation, Astrophysics - Astrophysics of Galaxies},
         year = 2017,
        month = may,
       volume = {840},
       number = {1},
          eid = {44},
        pages = {44},
          doi = {10.3847/1538-4357/aa6c66},
archivePrefix = {arXiv},
       eprint = {1611.08305},
 primaryClass = {astro-ph.GA},
       adsurl = {https://ui.adsabs.harvard.edu/abs/2017ApJ...840...44B},
      adsnote = {Provided by the SAO/NASA Astrophysics Data System}
}

@ARTICLE{vanuitert2016,
       author = {{van Uitert}, Edo and {Cacciato}, Marcello and {Hoekstra}, Henk and {Brouwer}, Margot and {Sif{\'o}n}, Crist{\'o}bal and {Viola}, Massimo and {Baldry}, Ivan and {Bland-Hawthorn}, Joss and {Brough}, Sarah and {Brown}, M.~J.~I. and {Choi}, Ami and {Driver}, Simon P. and {Erben}, Thomas and {Heymans}, Catherine and {Hildebrandt}, Hendrik and {Joachimi}, Benjamin and {Kuijken}, Konrad and {Liske}, Jochen and {Loveday}, Jon and {McFarland}, John and {Miller}, Lance and {Nakajima}, Reiko and {Peacock}, John and {Radovich}, Mario and {Robotham}, A.~S.~G. and {Schneider}, Peter and {Sikkema}, Gert and {Taylor}, Edward N. and {Verdoes Kleijn}, Gijs},
        title = "{The stellar-to-halo mass relation of GAMA galaxies from 100 deg$^{2}$ of KiDS weak lensing data}",
      journal = {\mnras},
     keywords = {gravitational lensing: weak, methods: observational, galaxies: groups: general, galaxies: haloes, galaxies: luminosity function, mass function, Astrophysics - Astrophysics of Galaxies},
         year = 2016,
        month = jul,
       volume = {459},
       number = {3},
        pages = {3251-3270},
          doi = {10.1093/mnras/stw747},
archivePrefix = {arXiv},
       eprint = {1601.06791},
 primaryClass = {astro-ph.GA},
       adsurl = {https://ui.adsabs.harvard.edu/abs/2016MNRAS.459.3251V},
      adsnote = {Provided by the SAO/NASA Astrophysics Data System}
}

@ARTICLE{des2016,
       author = {{Dark Energy Survey Collaboration} and {Abbott}, T. and {Abdalla}, F.~B. and {Aleksi{\'c}}, J. and {Allam}, S. and {Amara}, A. and {Bacon}, D. and {Balbinot}, E. and {Banerji}, M. and {Bechtol}, K. and {Benoit-L{\'e}vy}, A. and {Bernstein}, G.~M. and {Bertin}, E. and {Blazek}, J. and {Bonnett}, C. and {Bridle}, S. and {Brooks}, D. and {Brunner}, R.~J. and {Buckley-Geer}, E. and {Burke}, D.~L. and {Caminha}, G.~B. and {Capozzi}, D. and {Carlsen}, J. and {Carnero-Rosell}, A. and {Carollo}, M. and {Carrasco-Kind}, M. and {Carretero}, J. and {Castander}, F.~J. and {Clerkin}, L. and {Collett}, T. and {Conselice}, C. and {Crocce}, M. and {Cunha}, C.~E. and {D'Andrea}, C.~B. and {da Costa}, L.~N. and {Davis}, T.~M. and {Desai}, S. and {Diehl}, H.~T. and {Dietrich}, J.~P. and {Dodelson}, S. and {Doel}, P. and {Drlica-Wagner}, A. and {Estrada}, J. and {Etherington}, J. and {Evrard}, A.~E. and {Fabbri}, J. and {Finley}, D.~A. and {Flaugher}, B. and {Foley}, R.~J. and {Fosalba}, P. and {Frieman}, J. and {Garc{\'\i}a-Bellido}, J. and {Gaztanaga}, E. and {Gerdes}, D.~W. and {Giannantonio}, T. and {Goldstein}, D.~A. and {Gruen}, D. and {Gruendl}, R.~A. and {Guarnieri}, P. and {Gutierrez}, G. and {Hartley}, W. and {Honscheid}, K. and {Jain}, B. and {James}, D.~J. and {Jeltema}, T. and {Jouvel}, S. and {Kessler}, R. and {King}, A. and {Kirk}, D. and {Kron}, R. and {Kuehn}, K. and {Kuropatkin}, N. and {Lahav}, O. and {Li}, T.~S. and {Lima}, M. and {Lin}, H. and {Maia}, M.~A.~G. and {Makler}, M. and {Manera}, M. and {Maraston}, C. and {Marshall}, J.~L. and {Martini}, P. and {McMahon}, R.~G. and {Melchior}, P. and {Merson}, A. and {Miller}, C.~J. and {Miquel}, R. and {Mohr}, J.~J. and {Morice-Atkinson}, X. and {Naidoo}, K. and {Neilsen}, E. and {Nichol}, R.~C. and {Nord}, B. and {Ogando}, R. and {Ostrovski}, F. and {Palmese}, A. and {Papadopoulos}, A. and {Peiris}, H.~V. and {Peoples}, J. and {Percival}, W.~J. and {Plazas}, A.~A. and {Reed}, S.~L. and {Refregier}, A. and {Romer}, A.~K. and {Roodman}, A. and {Ross}, A. and {Rozo}, E. and {Rykoff}, E.~S. and {Sadeh}, I. and {Sako}, M. and {S{\'a}nchez}, C. and {Sanchez}, E. and {Santiago}, B. and {Scarpine}, V. and {Schubnell}, M. and {Sevilla-Noarbe}, I. and {Sheldon}, E. and {Smith}, M. and {Smith}, R.~C. and {Soares-Santos}, M. and {Sobreira}, F. and {Soumagnac}, M. and {Suchyta}, E. and {Sullivan}, M. and {Swanson}, M. and {Tarle}, G. and {Thaler}, J. and {Thomas}, D. and {Thomas}, R.~C. and {Tucker}, D. and {Vieira}, J.~D. and {Vikram}, V. and {Walker}, A.~R. and {Wechsler}, R.~H. and {Weller}, J. and {Wester}, W. and {Whiteway}, L. and {Wilcox}, H. and {Yanny}, B. and {Zhang}, Y. and {Zuntz}, J.},
        title = "{The Dark Energy Survey: more than dark energy - an overview}",
      journal = {\mnras},
     keywords = {surveys, minor planets, asteroids: general, supernovae: general, Galaxy: general, galaxies: general, quasars: general, Astrophysics - Cosmology and Nongalactic Astrophysics, Astrophysics - Astrophysics of Galaxies},
         year = 2016,
        month = aug,
       volume = {460},
       number = {2},
        pages = {1270-1299},
          doi = {10.1093/mnras/stw641},
archivePrefix = {arXiv},
       eprint = {1601.00329},
 primaryClass = {astro-ph.CO},
       adsurl = {https://ui.adsabs.harvard.edu/abs/2016MNRAS.460.1270D},
      adsnote = {Provided by the SAO/NASA Astrophysics Data System}
}

@ARTICLE{jong2013,
       author = {{de Jong}, Jelte T.~A. and {Verdoes Kleijn}, Gijs A. and {Kuijken}, Konrad H. and {Valentijn}, Edwin A.},
        title = "{The Kilo-Degree Survey}",
      journal = {Experimental Astronomy},
     keywords = {Wide-field imaging, Survey system, VLT/VST, Weak gravitational lensing, Photometric redshifts, Astrophysics - Cosmology and Nongalactic Astrophysics, Astrophysics - Instrumentation and Methods for Astrophysics},
         year = 2013,
        month = jan,
       volume = {35},
       number = {1-2},
        pages = {25-44},
          doi = {10.1007/s10686-012-9306-1},
archivePrefix = {arXiv},
       eprint = {1206.1254},
 primaryClass = {astro-ph.CO},
       adsurl = {https://ui.adsabs.harvard.edu/abs/2013ExA....35...25D},
      adsnote = {Provided by the SAO/NASA Astrophysics Data System}
}

@ARTICLE{york2000,
       author = {{York}, Donald G. and {Adelman}, J. and {Anderson}, John E., Jr. and {Anderson}, Scott F. and {Annis}, James and {Bahcall}, Neta A. and {Bakken}, J.~A. and {Barkhouser}, Robert and {Bastian}, Steven and {Berman}, Eileen and {Boroski}, William N. and {Bracker}, Steve and {Briegel}, Charlie and {Briggs}, John W. and {Brinkmann}, J. and {Brunner}, Robert and {Burles}, Scott and {Carey}, Larry and {Carr}, Michael A. and {Castander}, Francisco J. and {Chen}, Bing and {Colestock}, Patrick L. and {Connolly}, A.~J. and {Crocker}, J.~H. and {Csabai}, Istv{\'a}n and {Czarapata}, Paul C. and {Davis}, John Eric and {Doi}, Mamoru and {Dombeck}, Tom and {Eisenstein}, Daniel and {Ellman}, Nancy and {Elms}, Brian R. and {Evans}, Michael L. and {Fan}, Xiaohui and {Federwitz}, Glenn R. and {Fiscelli}, Larry and {Friedman}, Scott and {Frieman}, Joshua A. and {Fukugita}, Masataka and {Gillespie}, Bruce and {Gunn}, James E. and {Gurbani}, Vijay K. and {de Haas}, Ernst and {Haldeman}, Merle and {Harris}, Frederick H. and {Hayes}, J. and {Heckman}, Timothy M. and {Hennessy}, G.~S. and {Hindsley}, Robert B. and {Holm}, Scott and {Holmgren}, Donald J. and {Huang}, Chi-hao and {Hull}, Charles and {Husby}, Don and {Ichikawa}, Shin-Ichi and {Ichikawa}, Takashi and {Ivezi{\'c}}, {\v{Z}}eljko and {Kent}, Stephen and {Kim}, Rita S.~J. and {Kinney}, E. and {Klaene}, Mark and {Kleinman}, A.~N. and {Kleinman}, S. and {Knapp}, G.~R. and {Korienek}, John and {Kron}, Richard G. and {Kunszt}, Peter Z. and {Lamb}, D.~Q. and {Lee}, B. and {Leger}, R. French and {Limmongkol}, Siriluk and {Lindenmeyer}, Carl and {Long}, Daniel C. and {Loomis}, Craig and {Loveday}, Jon and {Lucinio}, Rich and {Lupton}, Robert H. and {MacKinnon}, Bryan and {Mannery}, Edward J. and {Mantsch}, P.~M. and {Margon}, Bruce and {McGehee}, Peregrine and {McKay}, Timothy A. and {Meiksin}, Avery and {Merelli}, Aronne and {Monet}, David G. and {Munn}, Jeffrey A. and {Narayanan}, Vijay K. and {Nash}, Thomas and {Neilsen}, Eric and {Neswold}, Rich and {Newberg}, Heidi Jo and {Nichol}, R.~C. and {Nicinski}, Tom and {Nonino}, Mario and {Okada}, Norio and {Okamura}, Sadanori and {Ostriker}, Jeremiah P. and {Owen}, Russell and {Pauls}, A. George and {Peoples}, John and {Peterson}, R.~L. and {Petravick}, Donald and {Pier}, Jeffrey R. and {Pope}, Adrian and {Pordes}, Ruth and {Prosapio}, Angela and {Rechenmacher}, Ron and {Quinn}, Thomas R. and {Richards}, Gordon T. and {Richmond}, Michael W. and {Rivetta}, Claudio H. and {Rockosi}, Constance M. and {Ruthmansdorfer}, Kurt and {Sandford}, Dale and {Schlegel}, David J. and {Schneider}, Donald P. and {Sekiguchi}, Maki and {Sergey}, Gary and {Shimasaku}, Kazuhiro and {Siegmund}, Walter A. and {Smee}, Stephen and {Smith}, J. Allyn and {Snedden}, S. and {Stone}, R. and {Stoughton}, Chris and {Strauss}, Michael A. and {Stubbs}, Christopher and {SubbaRao}, Mark and {Szalay}, Alexander S. and {Szapudi}, Istvan and {Szokoly}, Gyula P. and {Thakar}, Anirudda R. and {Tremonti}, Christy and {Tucker}, Douglas L. and {Uomoto}, Alan and {Vanden Berk}, Dan and {Vogeley}, Michael S. and {Waddell}, Patrick and {Wang}, Shu-i. and {Watanabe}, Masaru and {Weinberg}, David H. and {Yanny}, Brian and {Yasuda}, Naoki and {SDSS Collaboration}},
        title = "{The Sloan Digital Sky Survey: Technical Summary}",
      journal = {\aj},
     keywords = {Cosmology: Observations, Instrumentation: Miscellaneous, Astrophysics},
         year = 2000,
        month = sep,
       volume = {120},
       number = {3},
        pages = {1579-1587},
          doi = {10.1086/301513},
archivePrefix = {arXiv},
       eprint = {astro-ph/0006396},
 primaryClass = {astro-ph},
       adsurl = {https://ui.adsabs.harvard.edu/abs/2000AJ....120.1579Y},
      adsnote = {Provided by the SAO/NASA Astrophysics Data System}
}

@ARTICLE{baldwin1981,
       author = {{Baldwin}, J.~A. and {Phillips}, M.~M. and {Terlevich}, R.},
        title = "{Classification parameters for the emission-line spectra of extragalactic objects.}",
      journal = {\pasp},
     keywords = {Astronomical Spectroscopy, Emission Spectra, Line Spectra, Quasars, Seyfert Galaxies, Classifications, H Ii Regions, Photoionization, Planetary Nebulae, Shock Heating, Astrophysics},
         year = 1981,
        month = feb,
       volume = {93},
        pages = {5-19},
          doi = {10.1086/130766},
       adsurl = {https://ui.adsabs.harvard.edu/abs/1981PASP...93....5B},
      adsnote = {Provided by the SAO/NASA Astrophysics Data System}
}

@ARTICLE{brinchmann2004,
       author = {{Brinchmann}, J. and {Charlot}, S. and {White}, S.~D.~M. and {Tremonti}, C. and {Kauffmann}, G. and {Heckman}, T. and {Brinkmann}, J.},
        title = "{The physical properties of star-forming galaxies in the low-redshift Universe}",
      journal = {\mnras},
     keywords = {surveys, galaxies: abundances, galaxies: evolution, galaxies: fundamental parameters, galaxies: general, Astrophysics},
         year = 2004,
        month = jul,
       volume = {351},
       number = {4},
        pages = {1151-1179},
          doi = {10.1111/j.1365-2966.2004.07881.x},
archivePrefix = {arXiv},
       eprint = {astro-ph/0311060},
 primaryClass = {astro-ph},
       adsurl = {https://ui.adsabs.harvard.edu/abs/2004MNRAS.351.1151B},
      adsnote = {Provided by the SAO/NASA Astrophysics Data System}
}

@MISC{masci2011,
       author = {{Masci}, F.},
        title = "{Computing flux upper-limits for non-detections}",
         year = 2011,
        month = oct
}

@ARTICLE{bundy2015,
       author = {{Bundy}, Kevin and {Bershady}, Matthew A. and {Law}, David R. and {Yan}, Renbin and {Drory}, Niv and {MacDonald}, Nicholas and {Wake}, David A. and {Cherinka}, Brian and {S{\'a}nchez-Gallego}, Jos{\'e} R. and {Weijmans}, Anne-Marie and {Thomas}, Daniel and {Tremonti}, Christy and {Masters}, Karen and {Coccato}, Lodovico and {Diamond-Stanic}, Aleksandar M. and {Arag{\'o}n-Salamanca}, Alfonso and {Avila-Reese}, Vladimir and {Badenes}, Carles and {Falc{\'o}n-Barroso}, J{\'e}sus and {Belfiore}, Francesco and {Bizyaev}, Dmitry and {Blanc}, Guillermo A. and {Bland-Hawthorn}, Joss and {Blanton}, Michael R. and {Brownstein}, Joel R. and {Byler}, Nell and {Cappellari}, Michele and {Conroy}, Charlie and {Dutton}, Aaron A. and {Emsellem}, Eric and {Etherington}, James and {Frinchaboy}, Peter M. and {Fu}, Hai and {Gunn}, James E. and {Harding}, Paul and {Johnston}, Evelyn J. and {Kauffmann}, Guinevere and {Kinemuchi}, Karen and {Klaene}, Mark A. and {Knapen}, Johan H. and {Leauthaud}, Alexie and {Li}, Cheng and {Lin}, Lihwai and {Maiolino}, Roberto and {Malanushenko}, Viktor and {Malanushenko}, Elena and {Mao}, Shude and {Maraston}, Claudia and {McDermid}, Richard M. and {Merrifield}, Michael R. and {Nichol}, Robert C. and {Oravetz}, Daniel and {Pan}, Kaike and {Parejko}, John K. and {Sanchez}, Sebastian F. and {Schlegel}, David and {Simmons}, Audrey and {Steele}, Oliver and {Steinmetz}, Matthias and {Thanjavur}, Karun and {Thompson}, Benjamin A. and {Tinker}, Jeremy L. and {van den Bosch}, Remco C.~E. and {Westfall}, Kyle B. and {Wilkinson}, David and {Wright}, Shelley and {Xiao}, Ting and {Zhang}, Kai},
        title = "{Overview of the SDSS-IV MaNGA Survey: Mapping nearby Galaxies at Apache Point Observatory}",
      journal = {\apj},
     keywords = {galaxies: evolution, galaxies: general, surveys, techniques: imaging spectroscopy, Astrophysics - Astrophysics of Galaxies},
         year = 2015,
        month = jan,
       volume = {798},
       number = {1},
          eid = {7},
        pages = {7},
          doi = {10.1088/0004-637X/798/1/7},
archivePrefix = {arXiv},
       eprint = {1412.1482},
 primaryClass = {astro-ph.GA},
       adsurl = {https://ui.adsabs.harvard.edu/abs/2015ApJ...798....7B},
      adsnote = {Provided by the SAO/NASA Astrophysics Data System}
}

@ARTICLE{kennicutt1998,
       author = {{Kennicutt}, Robert C., Jr.},
        title = "{Star Formation in Galaxies Along the Hubble Sequence}",
      journal = {\araa},
     keywords = {Astrophysics},
         year = 1998,
        month = jan,
       volume = {36},
        pages = {189-232},
          doi = {10.1146/annurev.astro.36.1.189},
archivePrefix = {arXiv},
       eprint = {astro-ph/9807187},
 primaryClass = {astro-ph},
       adsurl = {https://ui.adsabs.harvard.edu/abs/1998ARA&A..36..189K},
      adsnote = {Provided by the SAO/NASA Astrophysics Data System}
}

@ARTICLE{curti2020,
       author = {{Curti}, Mirko and {Mannucci}, Filippo and {Cresci}, Giovanni and {Maiolino}, Roberto},
        title = "{The mass-metallicity and the fundamental metallicity relation revisited on a fully T$_{e}$-based abundance scale for galaxies}",
      journal = {\mnras},
     keywords = {galaxies: abundances, galaxies: evolution, galaxies: ISM, ISM: abundances, Astrophysics - Astrophysics of Galaxies},
         year = 2020,
        month = jan,
       volume = {491},
       number = {1},
        pages = {944-964},
          doi = {10.1093/mnras/stz2910},
archivePrefix = {arXiv},
       eprint = {1910.00597},
 primaryClass = {astro-ph.GA},
       adsurl = {https://ui.adsabs.harvard.edu/abs/2020MNRAS.491..944C},
      adsnote = {Provided by the SAO/NASA Astrophysics Data System}
}

@ARTICLE{emsellem2021,
       author = {{Emsellem}, Eric and {Schinnerer}, Eva and {Santoro}, Francesco and {Belfiore}, Francesco and {Pessa}, Ismael and {McElroy}, Rebecca and {Blanc}, Guillermo A. and {Congiu}, Enrico and {Groves}, Brent and {Ho}, I. -Ting and {Kreckel}, Kathryn and {Razza}, Alessandro and {Sanchez-Blazquez}, Patricia and {Egorov}, Oleg and {Faesi}, Chris and {Klessen}, Ralf S. and {Leroy}, Adam K. and {Meidt}, Sharon and {Querejeta}, Miguel and {Rosolowsky}, Erik and {Scheuermann}, Fabian and {Anand}, Gagandeep S. and {Barnes}, Ashley T. and {Be{\v{s}}li{\'c}}, Ivana and {Bigiel}, Frank and {Boquien}, M{\'e}d{\'e}ric and {Cao}, Yixian and {Chevance}, M{\'e}lanie and {Dale}, Daniel A. and {Eibensteiner}, Cosima and {Glover}, Simon C.~O. and {Grasha}, Kathryn and {Henshaw}, Jonathan D. and {Hughes}, Annie and {Koch}, Eric W. and {Kruijssen}, J.~M. Diederik and {Lee}, Janice and {Liu}, Daizhong and {Pan}, Hsi-An and {Pety}, J{\'e}r{\^o}me and {Saito}, Toshiki and {Sandstrom}, Karin M. and {Schruba}, Andreas and {Sun}, Jiayi and {Thilker}, David A. and {Usero}, Antonio and {Watkins}, Elizabeth J. and {Williams}, Thomas G.},
        title = "{The PHANGS-MUSE survey. Probing the chemo-dynamical evolution of disc galaxies}",
      journal = {\aap},
     keywords = {galaxies: spiral, galaxies: star formation, surveys, techniques: imaging spectroscopy, ISM: general, stars: kinematics and dynamics, Astrophysics - Astrophysics of Galaxies, Astrophysics - Instrumentation and Methods for Astrophysics},
         year = 2022,
        month = mar,
       volume = {659},
          eid = {A191},
        pages = {A191},
          doi = {10.1051/0004-6361/202141727},
archivePrefix = {arXiv},
       eprint = {2110.03708},
 primaryClass = {astro-ph.GA},
       adsurl = {https://ui.adsabs.harvard.edu/abs/2022A&A...659A.191E},
      adsnote = {Provided by the SAO/NASA Astrophysics Data System}
}

@ARTICLE{leroy2021,
       author = {{Leroy}, Adam K. and {Schinnerer}, Eva and {Hughes}, Annie and {Rosolowsky}, Erik and {Pety}, J{\'e}r{\^o}me and {Schruba}, Andreas and {Usero}, Antonio and {Blanc}, Guillermo A. and {Chevance}, M{\'e}lanie and {Emsellem}, Eric and {Faesi}, Christopher M. and {Herrera}, Cinthya N. and {Liu}, Daizhong and {Meidt}, Sharon E. and {Querejeta}, Miguel and {Saito}, Toshiki and {Sandstrom}, Karin M. and {Sun}, Jiayi and {Williams}, Thomas G. and {Anand}, Gagandeep S. and {Barnes}, Ashley T. and {Behrens}, Erica A. and {Belfiore}, Francesco and {Benincasa}, Samantha M. and {Be{\v{s}}li{\'c}}, Ivana and {Bigiel}, Frank and {Bolatto}, Alberto D. and {den Brok}, Jakob S. and {Cao}, Yixian and {Chandar}, Rupali and {Chastenet}, J{\'e}r{\'e}my and {Chiang}, I. -Da and {Congiu}, Enrico and {Dale}, Daniel A. and {Deger}, Sinan and {Eibensteiner}, Cosima and {Egorov}, Oleg V. and {Garc{\'\i}a-Rodr{\'\i}guez}, Axel and {Glover}, Simon C.~O. and {Grasha}, Kathryn and {Henshaw}, Jonathan D. and {Ho}, I. -Ting and {Kepley}, Amanda A. and {Kim}, Jaeyeon and {Klessen}, Ralf S. and {Kreckel}, Kathryn and {Koch}, Eric W. and {Kruijssen}, J.~M. Diederik and {Larson}, Kirsten L. and {Lee}, Janice C. and {Lopez}, Laura A. and {Machado}, Josh and {Mayker}, Ness and {McElroy}, Rebecca and {Murphy}, Eric J. and {Ostriker}, Eve C. and {Pan}, Hsi-An and {Pessa}, Ismael and {Puschnig}, Johannes and {Razza}, Alessandro and {S{\'a}nchez-Bl{\'a}zquez}, Patricia and {Santoro}, Francesco and {Sardone}, Amy and {Scheuermann}, Fabian and {Sliwa}, Kazimierz and {Sormani}, Mattia C. and {Stuber}, Sophia K. and {Thilker}, David A. and {Turner}, Jordan A. and {Utomo}, Dyas and {Watkins}, Elizabeth J. and {Whitmore}, Bradley},
        title = "{PHANGS-ALMA: Arcsecond CO(2-1) Imaging of Nearby Star-forming Galaxies}",
      journal = {\apjs},
     keywords = {847, 653, 1560, 1061, 594, 262, 136, 391, 573, 1569, 1338, 1602, Astrophysics - Astrophysics of Galaxies},
         year = 2021,
        month = dec,
       volume = {257},
       number = {2},
          eid = {43},
        pages = {43},
          doi = {10.3847/1538-4365/ac17f3},
archivePrefix = {arXiv},
       eprint = {2104.07739},
 primaryClass = {astro-ph.GA},
       adsurl = {https://ui.adsabs.harvard.edu/abs/2021ApJS..257...43L},
      adsnote = {Provided by the SAO/NASA Astrophysics Data System}
}

@ARTICLE{walter2008,
       author = {{Walter}, Fabian and {Brinks}, Elias and {de Blok}, W.~J.~G. and {Bigiel}, Frank and {Kennicutt}, Robert C., Jr. and {Thornley}, Michele D. and {Leroy}, Adam},
        title = "{THINGS: The H I Nearby Galaxy Survey}",
      journal = {\aj},
     keywords = {galaxies: ISM, galaxies: structure, ISM: atoms, ISM: general, radio lines: galaxies, surveys, Astrophysics},
         year = 2008,
        month = dec,
       volume = {136},
       number = {6},
        pages = {2563-2647},
          doi = {10.1088/0004-6256/136/6/2563},
archivePrefix = {arXiv},
       eprint = {0810.2125},
 primaryClass = {astro-ph},
       adsurl = {https://ui.adsabs.harvard.edu/abs/2008AJ....136.2563W},
      adsnote = {Provided by the SAO/NASA Astrophysics Data System}
}

@ARTICLE{kewley2002,
       author = {{Kewley}, L.~J. and {Dopita}, M.~A.},
        title = "{Using Strong Lines to Estimate Abundances in Extragalactic H II Regions and Starburst Galaxies}",
      journal = {\apjs},
     keywords = {Galaxies: Abundances, Galaxies: Evolution, Galaxies: Starburst, ISM: Abundances, Astrophysics},
         year = 2002,
        month = sep,
       volume = {142},
       number = {1},
        pages = {35-52},
          doi = {10.1086/341326},
archivePrefix = {arXiv},
       eprint = {astro-ph/0206495},
 primaryClass = {astro-ph},
       adsurl = {https://ui.adsabs.harvard.edu/abs/2002ApJS..142...35K},
      adsnote = {Provided by the SAO/NASA Astrophysics Data System}
}

@InProceedings{greenberg2019,
  title = 	 {Automatic Posterior Transformation for Likelihood-Free Inference},
  author = 	 {Greenberg, David and Nonnenmacher, Marcel and Macke, Jakob},
  booktitle = 	 {Proceedings of the 36th International Conference on Machine Learning},
  pages = 	 {2404--2414},
  year = 	 {2019},
  editor = 	 {Chaudhuri, Kamalika and Salakhutdinov, Ruslan},
  volume = 	 {97},
  series = 	 {Proceedings of Machine Learning Research},
  address = 	 {Long Beach, California, USA},
  month = 	 {09--15 Jun},
  publisher = 	 {PMLR},
  pdf = 	 {http://proceedings.mlr.press/v97/greenberg19a/greenberg19a.pdf},
  url = 	 {http://proceedings.mlr.press/v97/greenberg19a.html},
  abstract = 	 {How can one perform Bayesian inference on stochastic simulators with intractable likelihoods? A recent approach is to learn the posterior from adaptively proposed simulations using neural network-based conditional density estimators. However, existing methods are limited to a narrow range of proposal distributions or require importance weighting that can limit performance in practice. Here we present automatic posterior transformation (APT), a new sequential neural posterior estimation method for simulation-based inference. APT can modify the posterior estimate using arbitrary, dynamically updated proposals, and is compatible with powerful flow-based density estimators. It is more flexible, scalable and efficient than previous simulation-based inference techniques. APT can operate directly on high-dimensional time series and image data, opening up new applications for likelihood-free inference.}
}

@article{tejero-cantero2020,
  doi = {10.21105/joss.02505},
  url = {https://doi.org/10.21105/joss.02505},
  year = {2020},
  publisher = {The Open Journal},
  volume = {5},
  number = {52},
  pages = {2505},
  author = {Alvaro Tejero-Cantero and Jan Boelts and Michael Deistler and Jan-Matthis Lueckmann and Conor Durkan and Pedro J. Gonçalves and David S. Greenberg and Jakob H. Macke},
  title = {sbi: A toolkit for simulation-based inference},
  journal = {Journal of Open Source Software}
}

@ARTICLE{choi2016,
       author = {{Choi}, Jieun and {Dotter}, Aaron and {Conroy}, Charlie and {Cantiello}, Matteo and {Paxton}, Bill and {Johnson}, Benjamin D.},
        title = "{Mesa Isochrones and Stellar Tracks (MIST). I. Solar-scaled Models}",
      journal = {\apj},
     keywords = {stars: evolution, stars: general, stars: interiors, Astrophysics - Solar and Stellar Astrophysics},
         year = 2016,
        month = jun,
       volume = {823},
       number = {2},
          eid = {102},
        pages = {102},
          doi = {10.3847/0004-637X/823/2/102},
archivePrefix = {arXiv},
       eprint = {1604.08592},
 primaryClass = {astro-ph.SR},
       adsurl = {https://ui.adsabs.harvard.edu/abs/2016ApJ...823..102C},
      adsnote = {Provided by the SAO/NASA Astrophysics Data System}
}

@ARTICLE{piotrowska2020,
       author = {{Piotrowska}, Joanna M. and {Bluck}, Asa F.~L. and {Maiolino}, Roberto and {Concas}, Alice and {Peng}, Yingjie},
        title = "{Towards a deeper understanding of the physics driving galaxy quenching - inferring trends in the gas content via extinction}",
      journal = {\mnras},
     keywords = {galaxies: evolution, galaxies: ISM, galaxies: star formation, Astrophysics - Astrophysics of Galaxies},
         year = 2020,
        month = feb,
       volume = {492},
       number = {1},
        pages = {L6-L11},
          doi = {10.1093/mnrasl/slz172},
archivePrefix = {arXiv},
       eprint = {1911.06693},
 primaryClass = {astro-ph.GA},
       adsurl = {https://ui.adsabs.harvard.edu/abs/2020MNRAS.492L...6P},
      adsnote = {Provided by the SAO/NASA Astrophysics Data System}
}

@ARTICLE{pagel1979,
       author = {{Pagel}, B.~E.~J. and {Edmunds}, M.~G. and {Blackwell}, D.~E. and {Chun}, M.~S. and {Smith}, G.},
        title = "{On the composition of H II regions in southern galaxies - I. NGC 300 and 1365.}",
      journal = {\mnras},
     keywords = {Emission Spectra, H Ii Regions, H Lines, Interstellar Gas, Spectrum Analysis, Spiral Galaxies, Abundance, Astronomical Catalogs, Data Reduction, Electron Energy, Hydrogen Ions, Magellanic Clouds, Nitrogen, Oxygen, Astrophysics, Galaxies:H II Regions, H II Regions:Oxygen, H II Regions:Spectra},
         year = 1979,
        month = oct,
       volume = {189},
        pages = {95-113},
          doi = {10.1093/mnras/189.1.95},
       adsurl = {https://ui.adsabs.harvard.edu/abs/1979MNRAS.189...95P},
      adsnote = {Provided by the SAO/NASA Astrophysics Data System}
}

@ARTICLE{denicolo2002,
       author = {{Denicol{\'o}}, Glenda and {Terlevich}, Roberto and {Terlevich}, Elena},
        title = "{New light on the search for low-metallicity galaxies - I. The N2 calibrator}",
      journal = {\mnras},
     keywords = {GALAXIES: ABUNDANCES, GALAXIES: EVOLUTION, GALAXIES: STELLAR CONTENT, Astrophysics},
         year = 2002,
        month = feb,
       volume = {330},
       number = {1},
        pages = {69-74},
          doi = {10.1046/j.1365-8711.2002.05041.x},
archivePrefix = {arXiv},
       eprint = {astro-ph/0110356},
 primaryClass = {astro-ph},
       adsurl = {https://ui.adsabs.harvard.edu/abs/2002MNRAS.330...69D},
      adsnote = {Provided by the SAO/NASA Astrophysics Data System}
}

@ARTICLE{alloin1979,
       author = {{Alloin}, D. and {Collin-Souffrin}, S. and {Joly}, M. and {Vigroux}, L.},
        title = "{Nitrogen and oxygen abundances in galaxies.}",
      journal = {\aap},
     keywords = {Abundance, Galactic Evolution, Galaxies, Interstellar Gas, Nitrogen, Oxygen, Chemical Evolution, Galactic Nuclei, Gas Temperature, H Ii Regions, Interstellar Magnetic Fields, Line Spectra, Magellanic Clouds, Markarian Galaxies, Spectral Energy Distribution, Spiral Galaxies, Surface Temperature, Temperature Gradients, Astrophysics, Galaxies:Chemical Evolution, Galaxies:Element Abundances, H II Regions:Element Abundances},
         year = 1979,
        month = sep,
       volume = {78},
        pages = {200-216},
       adsurl = {https://ui.adsabs.harvard.edu/abs/1979A&A....78..200A},
      adsnote = {Provided by the SAO/NASA Astrophysics Data System}
}

@ARTICLE{storchi-bergmann1994,
       author = {{Storchi-Bergmann}, Thaisa and {Calzetti}, Daniela and {Kinney}, Anne L.},
        title = "{Ultraviolet to Near-Infrared Spectral Distributions of Star-forming Galaxies: Metallicity and Age Effects}",
      journal = {\apj},
     keywords = {Abundance, Chemical Composition, Evolution (Development), Galactic Evolution, Metallicity, Optical Properties, Seyfert Galaxies, Spectral Energy Distribution, Star Formation Rate, Starburst Galaxies, Computation, Light (Visible Radiation), Near Infrared Radiation, Observatories, Photometry, Ultraviolet Radiation, Astrophysics, GALAXIES: ABUNDANCES, GALAXIES: EVOLUTION, GALAXIES: PHOTOMETRY, GALAXIES: STARBURST},
         year = 1994,
        month = jul,
       volume = {429},
        pages = {572},
          doi = {10.1086/174345},
       adsurl = {https://ui.adsabs.harvard.edu/abs/1994ApJ...429..572S},
      adsnote = {Provided by the SAO/NASA Astrophysics Data System}
}

@ARTICLE{mcgaugh1991,
       author = {{McGaugh}, Stacy S.},
        title = "{H II Region Abundances: Model Oxygen Line Ratios}",
      journal = {\apj},
     keywords = {Abundance, H Ii Regions, Line Spectra, Oxygen Spectra, Forbidden Bands, Star Clusters, Stellar Spectra, Astrophysics, NEBULAE: ABUNDANCES, NEBULAE: H II REGIONS},
         year = 1991,
        month = oct,
       volume = {380},
        pages = {140},
          doi = {10.1086/170569},
       adsurl = {https://ui.adsabs.harvard.edu/abs/1991ApJ...380..140M},
      adsnote = {Provided by the SAO/NASA Astrophysics Data System}
}

@ARTICLE{mannucci2010,
       author = {{Mannucci}, F. and {Cresci}, G. and {Maiolino}, R. and {Marconi}, A. and {Gnerucci}, A.},
        title = "{A fundamental relation between mass, star formation rate and metallicity in local and high-redshift galaxies}",
      journal = {\mnras},
     keywords = {galaxies: abundances, galaxies: formation, galaxies: high-redshift, galaxies: starburst, Astrophysics - Cosmology and Nongalactic Astrophysics},
         year = 2010,
        month = nov,
       volume = {408},
       number = {4},
        pages = {2115-2127},
          doi = {10.1111/j.1365-2966.2010.17291.x},
archivePrefix = {arXiv},
       eprint = {1005.0006},
 primaryClass = {astro-ph.CO},
       adsurl = {https://ui.adsabs.harvard.edu/abs/2010MNRAS.408.2115M},
      adsnote = {Provided by the SAO/NASA Astrophysics Data System}
}

@ARTICLE{concas2019,
       author = {{Concas}, Alice and {Popesso}, Paola},
        title = "{A new empirical method to estimate the molecular gas mass in galaxies}",
      journal = {\mnras},
     keywords = {galaxies: ISM, ISM: molecules, (ISM:) dust, extinction, Astrophysics - Astrophysics of Galaxies},
         year = 2019,
        month = jun,
       volume = {486},
       number = {1},
        pages = {L91-L95},
          doi = {10.1093/mnrasl/slz065},
archivePrefix = {arXiv},
       eprint = {1905.02214},
 primaryClass = {astro-ph.GA},
       adsurl = {https://ui.adsabs.harvard.edu/abs/2019MNRAS.486L..91C},
      adsnote = {Provided by the SAO/NASA Astrophysics Data System}
}

@ARTICLE{mingozzi2020,
       author = {{Mingozzi}, M. and {Belfiore}, F. and {Cresci}, G. and {Bundy}, K. and {Bershady}, M. and {Bizyaev}, D. and {Blanc}, G. and {Boquien}, M. and {Drory}, N. and {Fu}, H. and {Maiolino}, R. and {Riffel}, R. and {Schaefer}, A. and {Storchi-Bergmann}, T. and {Telles}, E. and {Tremonti}, C. and {Zakamska}, N. and {Zhang}, K.},
        title = "{SDSS IV MaNGA: Metallicity and ionisation parameter in local star-forming galaxies from Bayesian fitting to photoionisation models}",
      journal = {\aap},
     keywords = {galaxies: ISM, galaxies: abundances, galaxies: evolution, Astrophysics - Astrophysics of Galaxies},
         year = 2020,
        month = apr,
       volume = {636},
          eid = {A42},
        pages = {A42},
          doi = {10.1051/0004-6361/201937203},
archivePrefix = {arXiv},
       eprint = {2002.05744},
 primaryClass = {astro-ph.GA},
       adsurl = {https://ui.adsabs.harvard.edu/abs/2020A&A...636A..42M},
      adsnote = {Provided by the SAO/NASA Astrophysics Data System}
}

@ARTICLE{kauffmann2003a,
       author = {{Kauffmann}, Guinevere and {Heckman}, Timothy M. and {White}, Simon D.~M. and {Charlot}, St{\'e}phane and {Tremonti}, Christy and {Brinchmann}, Jarle and {Bruzual}, Gustavo and {Peng}, Eric W. and {Seibert}, Mark and {Bernardi}, Mariangela and {Blanton}, Michael and {Brinkmann}, Jon and {Castander}, Francisco and {Cs{\'a}bai}, Istvan and {Fukugita}, Masataka and {Ivezic}, Zeljko and {Munn}, Jeffrey A. and {Nichol}, Robert C. and {Padmanabhan}, Nikhil and {Thakar}, Aniruddha R. and {Weinberg}, David H. and {York}, Donald},
        title = "{Stellar masses and star formation histories for {}10$^{5}$ galaxies from the Sloan Digital Sky Survey}",
      journal = {\mnras},
     keywords = {galaxies: evolution, galaxies: formation, galaxies: stellar content, Astrophysics},
         year = 2003,
        month = may,
       volume = {341},
       number = {1},
        pages = {33-53},
          doi = {10.1046/j.1365-8711.2003.06291.x},
archivePrefix = {arXiv},
       eprint = {astro-ph/0204055},
 primaryClass = {astro-ph},
       adsurl = {https://ui.adsabs.harvard.edu/abs/2003MNRAS.341...33K},
      adsnote = {Provided by the SAO/NASA Astrophysics Data System}
}

@ARTICLE{barrera-ballesteros2020,
       author = {{Barrera-Ballesteros}, Jorge K. and {Utomo}, Dyas and {Bolatto}, Alberto D. and {S{\'a}nchez}, Sebasti{\'a}n F. and {Vogel}, Stuart N. and {Wong}, Tony and {Levy}, Rebecca C. and {Colombo}, Dario and {Kalinova}, Veselina and {Teuben}, Peter and {Garc{\'\i}a-Benito}, Rub{\'e}n and {Husemann}, Bernd and {Mast}, Dami{\'a}n and {Blitz}, Leo},
        title = "{The EDGE-CALIFA survey: using optical extinction to probe the spatially resolved distribution of gas in nearby galaxies}",
      journal = {\mnras},
     keywords = {ISM: molecules, galaxies: evolution, galaxies: ISM, Astrophysics - Astrophysics of Galaxies},
         year = 2020,
        month = feb,
       volume = {492},
       number = {2},
        pages = {2651-2662},
          doi = {10.1093/mnras/stz3553},
archivePrefix = {arXiv},
       eprint = {1911.09677},
 primaryClass = {astro-ph.GA},
       adsurl = {https://ui.adsabs.harvard.edu/abs/2020MNRAS.492.2651B},
      adsnote = {Provided by the SAO/NASA Astrophysics Data System}
}

@ARTICLE{yates2012,
       author = {{Yates}, Robert M. and {Kauffmann}, Guinevere and {Guo}, Qi},
        title = "{The relation between metallicity, stellar mass and star formation in galaxies: an analysis of observational and model data}",
      journal = {\mnras},
     keywords = {ISM: abundances, galaxies: abundances, galaxies: evolution, galaxies: fundamental parameters, galaxies: star formation, Astrophysics - Cosmology and Nongalactic Astrophysics},
         year = 2012,
        month = may,
       volume = {422},
       number = {1},
        pages = {215-231},
          doi = {10.1111/j.1365-2966.2012.20595.x},
archivePrefix = {arXiv},
       eprint = {1107.3145},
 primaryClass = {astro-ph.CO},
       adsurl = {https://ui.adsabs.harvard.edu/abs/2012MNRAS.422..215Y},
      adsnote = {Provided by the SAO/NASA Astrophysics Data System}
}

@ARTICLE{kashino2016,
       author = {{Kashino}, D. and {Renzini}, A. and {Silverman}, J.~D. and {Daddi}, E.},
        title = "{Hide-and-seek with the Fundamental Metallicity Relation}",
      journal = {\apjl},
     keywords = {galaxies: abundances, galaxies: evolution, galaxies: general, galaxies: ISM, Astrophysics - Astrophysics of Galaxies},
         year = 2016,
        month = jun,
       volume = {823},
       number = {2},
          eid = {L24},
        pages = {L24},
          doi = {10.3847/2041-8205/823/2/L24},
archivePrefix = {arXiv},
       eprint = {1605.03586},
 primaryClass = {astro-ph.GA},
       adsurl = {https://ui.adsabs.harvard.edu/abs/2016ApJ...823L..24K},
      adsnote = {Provided by the SAO/NASA Astrophysics Data System}
}

@ARTICLE{blanton2011,
       author = {{Blanton}, Michael R. and {Kazin}, Eyal and {Muna}, Demitri and {Weaver}, Benjamin A. and {Price-Whelan}, Adrian},
        title = "{Improved Background Subtraction for the Sloan Digital Sky Survey Images}",
      journal = {\aj},
     keywords = {atmospheric effects, galaxies: photometry, methods: data analysis, techniques: image processing, Astrophysics - Instrumentation and Methods for Astrophysics},
         year = 2011,
        month = jul,
       volume = {142},
       number = {1},
          eid = {31},
        pages = {31},
          doi = {10.1088/0004-6256/142/1/31},
archivePrefix = {arXiv},
       eprint = {1105.1960},
 primaryClass = {astro-ph.IM},
       adsurl = {https://ui.adsabs.harvard.edu/abs/2011AJ....142...31B},
      adsnote = {Provided by the SAO/NASA Astrophysics Data System}
}

@ARTICLE{bothwell2013,
       author = {{Bothwell}, M.~S. and {Maiolino}, R. and {Kennicutt}, R. and {Cresci}, G. and {Mannucci}, F. and {Marconi}, A. and {Cicone}, C.},
        title = "{A fundamental relation between the metallicity, gas content and stellar mass of local galaxies}",
      journal = {\mnras},
     keywords = {galaxies: abundances, galaxies: evolution, galaxies: formation, galaxies: statistics, Astrophysics - Cosmology and Nongalactic Astrophysics},
         year = 2013,
        month = aug,
       volume = {433},
       number = {2},
        pages = {1425-1435},
          doi = {10.1093/mnras/stt817},
archivePrefix = {arXiv},
       eprint = {1304.4940},
 primaryClass = {astro-ph.CO},
       adsurl = {https://ui.adsabs.harvard.edu/abs/2013MNRAS.433.1425B},
      adsnote = {Provided by the SAO/NASA Astrophysics Data System}
}

@ARTICLE{bothwell2016,
       author = {{Bothwell}, M.~S. and {Maiolino}, R. and {Cicone}, C. and {Peng}, Y. and {Wagg}, J.},
        title = "{Galaxy metallicities depend primarily on stellar mass and molecular gas mass}",
      journal = {\aap},
     keywords = {galaxies: ISM, galaxies: statistics, galaxies: evolution, galaxies: abundances, Astrophysics - Astrophysics of Galaxies},
         year = 2016,
        month = oct,
       volume = {595},
          eid = {A48},
        pages = {A48},
          doi = {10.1051/0004-6361/201527918},
archivePrefix = {arXiv},
       eprint = {1606.04102},
 primaryClass = {astro-ph.GA},
       adsurl = {https://ui.adsabs.harvard.edu/abs/2016A&A...595A..48B},
      adsnote = {Provided by the SAO/NASA Astrophysics Data System}
}

@ARTICLE{lara-lopez2013,
       author = {{Lara-Lopez}, M.~A. and {Hopkins}, A.~M. and {Lopez-Sanchez}, A.~R. and {Brough}, S. and {Colless}, M. and {Bland-Hawthorn}, J. and {Driver}, S. and {Foster}, C. and {Liske}, J. and {Loveday}, J. and {Robotham}, A.~S.~G. and {Sharp}, R.~G. and {Steele}, O. and {Taylor}, E.~N.},
        title = "{Galaxy and mass assembly (GAMA): the connection between metals, specific  SFR and hi gas in galaxies: the Z-SSFR relation.}",
      journal = {\mnras},
     keywords = {galaxies: abundances, galaxies: fundamental parameters, galaxies: star formation, galaxies: statistics, Astrophysics - Cosmology and Nongalactic Astrophysics},
         year = 2013,
        month = jun,
       volume = {433},
        pages = {L35-L39},
          doi = {10.1093/mnrasl/slt054},
archivePrefix = {arXiv},
       eprint = {1304.3889},
 primaryClass = {astro-ph.CO},
       adsurl = {https://ui.adsabs.harvard.edu/abs/2013MNRAS.433L..35L},
      adsnote = {Provided by the SAO/NASA Astrophysics Data System}
}

@ARTICLE{hughes2013,
       author = {{Hughes}, T.~M. and {Cortese}, L. and {Boselli}, A. and {Gavazzi}, G. and {Davies}, J.~I.},
        title = "{The role of cold gas and environment on the stellar mass-metallicity relation of nearby galaxies}",
      journal = {\aap},
     keywords = {galaxies: evolution, galaxies: spiral, cosmology: observations, Astrophysics - Cosmology and Nongalactic Astrophysics},
         year = 2013,
        month = feb,
       volume = {550},
          eid = {A115},
        pages = {A115},
          doi = {10.1051/0004-6361/201218822},
archivePrefix = {arXiv},
       eprint = {1207.4191},
 primaryClass = {astro-ph.CO},
       adsurl = {https://ui.adsabs.harvard.edu/abs/2013A&A...550A.115H},
      adsnote = {Provided by the SAO/NASA Astrophysics Data System}
}

@ARTICLE{brown2018,
       author = {{Brown}, Toby and {Cortese}, Luca and {Catinella}, Barbara and {Kilborn}, Virginia},
        title = "{The role of atomic hydrogen in regulating the scatter of the mass-metallicity relation}",
      journal = {\mnras},
     keywords = {ISM: lines and bands, galaxies: abundances, galaxies: evolution, galaxies: formation, galaxies: ISM, radio lines: galaxies, Astrophysics - Astrophysics of Galaxies},
         year = 2018,
        month = jan,
       volume = {473},
       number = {2},
        pages = {1868-1878},
          doi = {10.1093/mnras/stx2452},
archivePrefix = {arXiv},
       eprint = {1709.07890},
 primaryClass = {astro-ph.GA},
       adsurl = {https://ui.adsabs.harvard.edu/abs/2018MNRAS.473.1868B},
      adsnote = {Provided by the SAO/NASA Astrophysics Data System}
}

@ARTICLE{mannucci2011,
       author = {{Mannucci}, F. and {Salvaterra}, R. and {Campisi}, M.~A.},
        title = "{The metallicity of the long GRB hosts and the fundamental metallicity relation of low-mass galaxies}",
      journal = {\mnras},
     keywords = {galaxies: abundances, galaxies: star formation, Astrophysics - Cosmology and Nongalactic Astrophysics},
         year = 2011,
        month = jun,
       volume = {414},
       number = {2},
        pages = {1263-1268},
          doi = {10.1111/j.1365-2966.2011.18459.x},
archivePrefix = {arXiv},
       eprint = {1011.4506},
 primaryClass = {astro-ph.CO},
       adsurl = {https://ui.adsabs.harvard.edu/abs/2011MNRAS.414.1263M},
      adsnote = {Provided by the SAO/NASA Astrophysics Data System}
}

@ARTICLE{cresci2019,
       author = {{Cresci}, G. and {Mannucci}, F. and {Curti}, M.},
        title = "{Fundamental metallicity relation in CALIFA, SDSS-IV MaNGA, and high-z galaxies}",
      journal = {\aap},
     keywords = {galaxies: abundances, galaxies: ISM, ISM: abundances, galaxies: evolution, Galaxy: formation, galaxies: high-redshift, Astrophysics - Astrophysics of Galaxies},
         year = 2019,
        month = jul,
       volume = {627},
          eid = {A42},
        pages = {A42},
          doi = {10.1051/0004-6361/201834637},
archivePrefix = {arXiv},
       eprint = {1811.06015},
 primaryClass = {astro-ph.GA},
       adsurl = {https://ui.adsabs.harvard.edu/abs/2019A&A...627A..42C},
      adsnote = {Provided by the SAO/NASA Astrophysics Data System}
}

@ARTICLE{ellison2008,
       author = {{Ellison}, Sara L. and {Patton}, David R. and {Simard}, Luc and {McConnachie}, Alan W.},
        title = "{Clues to the Origin of the Mass-Metallicity Relation: Dependence on Star Formation Rate and Galaxy Size}",
      journal = {\apjl},
     keywords = {galaxies: abundances, galaxies: ISM, Astrophysics},
         year = 2008,
        month = jan,
       volume = {672},
       number = {2},
        pages = {L107},
          doi = {10.1086/527296},
archivePrefix = {arXiv},
       eprint = {0711.4833},
 primaryClass = {astro-ph},
       adsurl = {https://ui.adsabs.harvard.edu/abs/2008ApJ...672L.107E},
      adsnote = {Provided by the SAO/NASA Astrophysics Data System}
}

@ARTICLE{kreckel2013,
       author = {{Kreckel}, Kathryn and {Groves}, Brent and {Schinnerer}, Eva and {Johnson}, Benjamin D. and {Aniano}, Gonzalo and {Calzetti}, Daniela and {Croxall}, Kevin V. and {Draine}, Bruce T. and {Gordon}, Karl D. and {Crocker}, Alison F. and {Dale}, Daniel A. and {Hunt}, Leslie K. and {Kennicutt}, Robert C. and {Meidt}, Sharon E. and {Smith}, J.~D.~T. and {Tabatabaei}, Fatemeh S.},
        title = "{Mapping Dust through Emission and Absorption in Nearby Galaxies}",
      journal = {\apj},
     keywords = {dust, extinction, galaxies: ISM, Astrophysics - Cosmology and Nongalactic Astrophysics, Astrophysics - Astrophysics of Galaxies},
         year = 2013,
        month = jul,
       volume = {771},
       number = {1},
          eid = {62},
        pages = {62},
          doi = {10.1088/0004-637X/771/1/62},
archivePrefix = {arXiv},
       eprint = {1305.2923},
 primaryClass = {astro-ph.CO},
       adsurl = {https://ui.adsabs.harvard.edu/abs/2013ApJ...771...62K},
      adsnote = {Provided by the SAO/NASA Astrophysics Data System}
}

@ARTICLE{calzetti1994,
       author = {{Calzetti}, Daniela and {Kinney}, Anne L. and {Storchi-Bergmann}, Thaisa},
        title = "{Dust Extinction of the Stellar Continua in Starburst Galaxies: The Ultraviolet and Optical Extinction Law}",
      journal = {\apj},
     keywords = {Astronomical Models, Continuums, Distribution Functions, Interplanetary Dust, Interstellar Extinction, Metallicity, Spectra, Spectral Energy Distribution, Starburst Galaxies, Ultraviolet Spectra, Analytic Functions, Apertures, Average, Calibrating, Derivation, Extraction, Iue, Numerical Analysis, Optimization, Photometry, Astrophysics, GALAXIES: ISM, GALAXIES: PHOTOMETRY, GALAXIES: STARBURST, ISM: DUST, EXTINCTION, ULTRAVIOLET: GALAXIES},
         year = 1994,
        month = jul,
       volume = {429},
        pages = {582},
          doi = {10.1086/174346},
       adsurl = {https://ui.adsabs.harvard.edu/abs/1994ApJ...429..582C},
      adsnote = {Provided by the SAO/NASA Astrophysics Data System}
}

@ARTICLE{calzetti2000,
       author = {{Calzetti}, Daniela and {Armus}, Lee and {Bohlin}, Ralph C. and {Kinney}, Anne L. and {Koornneef}, Jan and {Storchi-Bergmann}, Thaisa},
        title = "{The Dust Content and Opacity of Actively Star-forming Galaxies}",
      journal = {\apj},
     keywords = {GALAXIES: STARBURST, INFRARED: GALAXIES, INFRARED: ISM: CONTINUUM, ISM: DUST, EXTINCTION, Astrophysics},
         year = 2000,
        month = apr,
       volume = {533},
       number = {2},
        pages = {682-695},
          doi = {10.1086/308692},
archivePrefix = {arXiv},
       eprint = {astro-ph/9911459},
 primaryClass = {astro-ph},
       adsurl = {https://ui.adsabs.harvard.edu/abs/2000ApJ...533..682C},
      adsnote = {Provided by the SAO/NASA Astrophysics Data System}
}

@ARTICLE{hao2011,
       author = {{Hao}, Cai-Na and {Kennicutt}, Robert C. and {Johnson}, Benjamin D. and {Calzetti}, Daniela and {Dale}, Daniel A. and {Moustakas}, John},
        title = "{Dust-corrected Star Formation Rates of Galaxies. II. Combinations of Ultraviolet and Infrared Tracers}",
      journal = {\apj},
     keywords = {dust, extinction, galaxies: ISM, infrared: galaxies, ultraviolet: galaxies, Astrophysics - Cosmology and Nongalactic Astrophysics},
         year = 2011,
        month = nov,
       volume = {741},
       number = {2},
          eid = {124},
        pages = {124},
          doi = {10.1088/0004-637X/741/2/124},
archivePrefix = {arXiv},
       eprint = {1108.2837},
 primaryClass = {astro-ph.CO},
       adsurl = {https://ui.adsabs.harvard.edu/abs/2011ApJ...741..124H},
      adsnote = {Provided by the SAO/NASA Astrophysics Data System}
}

@ARTICLE{grasha2022,
       author = {{Grasha}, K. and {Chen}, Q.~H. and {Battisti}, A.~J. and {Acharyya}, A. and {Ridolfo}, S. and {Poehler}, E. and {Mably}, S. and {Verma}, A.~A. and {Hayward}, K.~L. and {Kharbanda}, A. and {Poetrodjojo}, H. and {Seibert}, M. and {Rich}, J.~A. and {Madore}, B.~F. and {Kewley}, L.~J.},
        title = "{Metallicity, ionization parameter, and pressure variations of HII regions in the TYPHOON spiral galaxies}",
      journal = {arXiv e-prints},
     keywords = {Astrophysics - Astrophysics of Galaxies},
         year = 2022,
        month = mar,
          eid = {arXiv:2203.02522},
        pages = {arXiv:2203.02522},
archivePrefix = {arXiv},
       eprint = {2203.02522},
 primaryClass = {astro-ph.GA},
       adsurl = {https://ui.adsabs.harvard.edu/abs/2022arXiv220302522G},
      adsnote = {Provided by the SAO/NASA Astrophysics Data System}
}

@ARTICLE{heiderman2010,
       author = {{Heiderman}, Amanda and {Evans}, Neal J., II and {Allen}, Lori E. and {Huard}, Tracy and {Heyer}, Mark},
        title = "{The Star Formation Rate and Gas Surface Density Relation in the Milky Way: Implications for Extragalactic Studies}",
      journal = {\apj},
     keywords = {dust, extinction, galaxies: ISM, galaxies: star formation, infrared: stars, ISM: clouds, stars: formation, Astrophysics - Astrophysics of Galaxies, Astrophysics - Cosmology and Nongalactic Astrophysics},
         year = 2010,
        month = nov,
       volume = {723},
       number = {2},
        pages = {1019-1037},
          doi = {10.1088/0004-637X/723/2/1019},
archivePrefix = {arXiv},
       eprint = {1009.1621},
 primaryClass = {astro-ph.GA},
       adsurl = {https://ui.adsabs.harvard.edu/abs/2010ApJ...723.1019H},
      adsnote = {Provided by the SAO/NASA Astrophysics Data System}
}

@ARTICLE{guver2009,
       author = {{G{\"u}ver}, Tolga and {{\"O}zel}, Feryal},
        title = "{The relation between optical extinction and hydrogen column density in the Galaxy}",
      journal = {\mnras},
     keywords = {dust, extinction, supernova remnants, X-rays: ISM, Astrophysics - Astrophysics of Galaxies, Astrophysics - High Energy Astrophysical Phenomena},
         year = 2009,
        month = dec,
       volume = {400},
       number = {4},
        pages = {2050-2053},
          doi = {10.1111/j.1365-2966.2009.15598.x},
archivePrefix = {arXiv},
       eprint = {0903.2057},
 primaryClass = {astro-ph.GA},
       adsurl = {https://ui.adsabs.harvard.edu/abs/2009MNRAS.400.2050G},
      adsnote = {Provided by the SAO/NASA Astrophysics Data System}
}

@ARTICLE{haynes2011,
       author = {{Haynes}, Martha P. and {Giovanelli}, Riccardo and {Martin}, Ann M. and {Hess}, Kelley M. and {Saintonge}, Am{\'e}lie and {Adams}, Elizabeth A.~K. and {Hallenbeck}, Gregory and {Hoffman}, G. Lyle and {Huang}, Shan and {Kent}, Brian R. and {Koopmann}, Rebecca A. and {Papastergis}, Emmanouil and {Stierwalt}, Sabrina and {Balonek}, Thomas J. and {Craig}, David W. and {Higdon}, Sarah J.~U. and {Kornreich}, David A. and {Miller}, Jeffrey R. and {O'Donoghue}, Aileen A. and {Olowin}, Ronald P. and {Rosenberg}, Jessica L. and {Spekkens}, Kristine and {Troischt}, Parker and {Wilcots}, Eric M.},
        title = "{The Arecibo Legacy Fast ALFA Survey: The {\ensuremath{\alpha}}.40 H I Source Catalog, Its Characteristics and Their Impact on the Derivation of the H I Mass Function}",
      journal = {\aj},
     keywords = {catalogs, galaxies: distances and redshifts, galaxies: luminosity function, mass function, galaxies: spiral, radio lines: galaxies, surveys, Astrophysics - Cosmology and Nongalactic Astrophysics, Astrophysics - Instrumentation and Methods for Astrophysics},
         year = 2011,
        month = nov,
       volume = {142},
       number = {5},
          eid = {170},
        pages = {170},
          doi = {10.1088/0004-6256/142/5/170},
archivePrefix = {arXiv},
       eprint = {1109.0027},
 primaryClass = {astro-ph.CO},
       adsurl = {https://ui.adsabs.harvard.edu/abs/2011AJ....142..170H},
      adsnote = {Provided by the SAO/NASA Astrophysics Data System}
}

@ARTICLE{catinella2018,
       author = {{Catinella}, Barbara and {Saintonge}, Am{\'e}lie and {Janowiecki}, Steven and {Cortese}, Luca and {Dav{\'e}}, Romeel and {Lemonias}, Jenna J. and {Cooper}, Andrew P. and {Schiminovich}, David and {Hummels}, Cameron B. and {Fabello}, Silvia and {Ger{\'e}b}, Katinka and {Kilborn}, Virginia and {Wang}, Jing},
        title = "{xGASS: total cold gas scaling relations and molecular-to-atomic gas ratios of galaxies in the local Universe}",
      journal = {\mnras},
     keywords = {galaxies: evolution, galaxies: fundamental parameters, galaxies: ISM, radio lines: galaxies, Astrophysics - Astrophysics of Galaxies},
         year = 2018,
        month = may,
       volume = {476},
       number = {1},
        pages = {875-895},
          doi = {10.1093/mnras/sty089},
archivePrefix = {arXiv},
       eprint = {1802.02373},
 primaryClass = {astro-ph.GA},
       adsurl = {https://ui.adsabs.harvard.edu/abs/2018MNRAS.476..875C},
      adsnote = {Provided by the SAO/NASA Astrophysics Data System}
}

@ARTICLE{leroy2013,
       author = {{Leroy}, Adam K. and {Walter}, Fabian and {Sandstrom}, Karin and {Schruba}, Andreas and {Munoz-Mateos}, Juan-Carlos and {Bigiel}, Frank and {Bolatto}, Alberto and {Brinks}, Elias and {de Blok}, W.~J.~G. and {Meidt}, Sharon and {Rix}, Hans-Walter and {Rosolowsky}, Erik and {Schinnerer}, Eva and {Schuster}, Karl-Friedrich and {Usero}, Antonio},
        title = "{Molecular Gas and Star Formation in nearby Disk Galaxies}",
      journal = {\aj},
     keywords = {evolution, galaxies: ISM, galaxies: spiral, ISM: molecules, stars: formation, Astrophysics - Cosmology and Nongalactic Astrophysics},
         year = 2013,
        month = aug,
       volume = {146},
       number = {2},
          eid = {19},
        pages = {19},
          doi = {10.1088/0004-6256/146/2/19},
archivePrefix = {arXiv},
       eprint = {1301.2328},
 primaryClass = {astro-ph.CO},
       adsurl = {https://ui.adsabs.harvard.edu/abs/2013AJ....146...19L},
      adsnote = {Provided by the SAO/NASA Astrophysics Data System}
}

@ARTICLE{bolatto2017,
       author = {{Bolatto}, Alberto D. and {Wong}, Tony and {Utomo}, Dyas and {Blitz}, Leo and {Vogel}, Stuart N. and {S{\'a}nchez}, Sebasti{\'a}n F. and {Barrera-Ballesteros}, Jorge and {Cao}, Yixian and {Colombo}, Dario and {Dannerbauer}, Helmut and {Garc{\'\i}a-Benito}, Rub{\'e}n and {Herrera-Camus}, Rodrigo and {Husemann}, Bernd and {Kalinova}, Veselina and {Leroy}, Adam K. and {Leung}, Gigi and {Levy}, Rebecca C. and {Mast}, Dami{\'a}n and {Ostriker}, Eve and {Rosolowsky}, Erik and {Sandstrom}, Karin M. and {Teuben}, Peter and {van de Ven}, Glenn and {Walter}, Fabian},
        title = "{The EDGE-CALIFA Survey: Interferometric Observations of 126 Galaxies with CARMA}",
      journal = {\apj},
     keywords = {galaxies: evolution, galaxies: ISM, ISM: molecules, Astrophysics - Astrophysics of Galaxies},
         year = 2017,
        month = sep,
       volume = {846},
       number = {2},
          eid = {159},
        pages = {159},
          doi = {10.3847/1538-4357/aa86aa},
archivePrefix = {arXiv},
       eprint = {1704.02504},
 primaryClass = {astro-ph.GA},
       adsurl = {https://ui.adsabs.harvard.edu/abs/2017ApJ...846..159B},
      adsnote = {Provided by the SAO/NASA Astrophysics Data System}
}

@ARTICLE{qin2019,
       author = {{Qin}, Jianbo and {Zheng}, Xian Zhong and {Wuyts}, Stijn and {Pan}, Zhizheng and {Ren}, Jian},
        title = "{Understanding the Discrepancy between IRX and Balmer Decrement in Tracing Galaxy Dust Attenuation}",
      journal = {\apj},
     keywords = {Galaxy evolution, Extinction, Interstellar medium, Star formation, 594, 505, 847, 1569, Astrophysics - Astrophysics of Galaxies},
         year = 2019,
        month = nov,
       volume = {886},
       number = {1},
          eid = {28},
        pages = {28},
          doi = {10.3847/1538-4357/ab4a04},
archivePrefix = {arXiv},
       eprint = {1909.13505},
 primaryClass = {astro-ph.GA},
       adsurl = {https://ui.adsabs.harvard.edu/abs/2019ApJ...886...28Q},
      adsnote = {Provided by the SAO/NASA Astrophysics Data System}
}

@ARTICLE{abazajian2009,
       author = {{Abazajian}, Kevork N. and {Adelman-McCarthy}, Jennifer K. and {Ag{\"u}eros}, Marcel A. and {Allam}, Sahar S. and {Allende Prieto}, Carlos and {An}, Deokkeun and {Anderson}, Kurt S.~J. and {Anderson}, Scott F. and {Annis}, James and {Bahcall}, Neta A. and {Bailer-Jones}, C.~A.~L. and {Barentine}, J.~C. and {Bassett}, Bruce A. and {Becker}, Andrew C. and {Beers}, Timothy C. and {Bell}, Eric F. and {Belokurov}, Vasily and {Berlind}, Andreas A. and {Berman}, Eileen F. and {Bernardi}, Mariangela and {Bickerton}, Steven J. and {Bizyaev}, Dmitry and {Blakeslee}, John P. and {Blanton}, Michael R. and {Bochanski}, John J. and {Boroski}, William N. and {Brewington}, Howard J. and {Brinchmann}, Jarle and {Brinkmann}, J. and {Brunner}, Robert J. and {Budav{\'a}ri}, Tam{\'a}s and {Carey}, Larry N. and {Carliles}, Samuel and {Carr}, Michael A. and {Castander}, Francisco J. and {Cinabro}, David and {Connolly}, A.~J. and {Csabai}, Istv{\'a}n and {Cunha}, Carlos E. and {Czarapata}, Paul C. and {Davenport}, James R.~A. and {de Haas}, Ernst and {Dilday}, Ben and {Doi}, Mamoru and {Eisenstein}, Daniel J. and {Evans}, Michael L. and {Evans}, N.~W. and {Fan}, Xiaohui and {Friedman}, Scott D. and {Frieman}, Joshua A. and {Fukugita}, Masataka and {G{\"a}nsicke}, Boris T. and {Gates}, Evalyn and {Gillespie}, Bruce and {Gilmore}, G. and {Gonzalez}, Belinda and {Gonzalez}, Carlos F. and {Grebel}, Eva K. and {Gunn}, James E. and {Gy{\"o}ry}, Zsuzsanna and {Hall}, Patrick B. and {Harding}, Paul and {Harris}, Frederick H. and {Harvanek}, Michael and {Hawley}, Suzanne L. and {Hayes}, Jeffrey J.~E. and {Heckman}, Timothy M. and {Hendry}, John S. and {Hennessy}, Gregory S. and {Hindsley}, Robert B. and {Hoblitt}, J. and {Hogan}, Craig J. and {Hogg}, David W. and {Holtzman}, Jon A. and {Hyde}, Joseph B. and {Ichikawa}, Shin-ichi and {Ichikawa}, Takashi and {Im}, Myungshin and {Ivezi{\'c}}, {\v{Z}}eljko and {Jester}, Sebastian and {Jiang}, Linhua and {Johnson}, Jennifer A. and {Jorgensen}, Anders M. and {Juri{\'c}}, Mario and {Kent}, Stephen M. and {Kessler}, R. and {Kleinman}, S.~J. and {Knapp}, G.~R. and {Konishi}, Kohki and {Kron}, Richard G. and {Krzesinski}, Jurek and {Kuropatkin}, Nikolay and {Lampeitl}, Hubert and {Lebedeva}, Svetlana and {Lee}, Myung Gyoon and {Lee}, Young Sun and {French Leger}, R. and {L{\'e}pine}, S{\'e}bastien and {Li}, Nolan and {Lima}, Marcos and {Lin}, Huan and {Long}, Daniel C. and {Loomis}, Craig P. and {Loveday}, Jon and {Lupton}, Robert H. and {Magnier}, Eugene and {Malanushenko}, Olena and {Malanushenko}, Viktor and {Mandelbaum}, Rachel and {Margon}, Bruce and {Marriner}, John P. and {Mart{\'\i}nez-Delgado}, David and {Matsubara}, Takahiko and {McGehee}, Peregrine M. and {McKay}, Timothy A. and {Meiksin}, Avery and {Morrison}, Heather L. and {Mullally}, Fergal and {Munn}, Jeffrey A. and {Murphy}, Tara and {Nash}, Thomas and {Nebot}, Ada and {Neilsen}, Eric H., Jr. and {Newberg}, Heidi Jo and {Newman}, Peter R. and {Nichol}, Robert C. and {Nicinski}, Tom and {Nieto-Santisteban}, Maria and {Nitta}, Atsuko and {Okamura}, Sadanori and {Oravetz}, Daniel J. and {Ostriker}, Jeremiah P. and {Owen}, Russell and {Padmanabhan}, Nikhil and {Pan}, Kaike and {Park}, Changbom and {Pauls}, George and {Peoples}, John, Jr. and {Percival}, Will J. and {Pier}, Jeffrey R. and {Pope}, Adrian C. and {Pourbaix}, Dimitri and {Price}, Paul A. and {Purger}, Norbert and {Quinn}, Thomas and {Raddick}, M. Jordan and {Re Fiorentin}, Paola and {Richards}, Gordon T. and {Richmond}, Michael W. and {Riess}, Adam G. and {Rix}, Hans-Walter and {Rockosi}, Constance M. and {Sako}, Masao and {Schlegel}, David J. and {Schneider}, Donald P. and {Scholz}, Ralf-Dieter and {Schreiber}, Matthias R. and {Schwope}, Axel D. and {Seljak}, Uro{\v{s}} and {Sesar}, Branimir and {Sheldon}, Erin and {Shimasaku}, Kazu and {Sibley}, Valena C. and {Simmons}, A.~E. and {Sivarani}, Thirupathi and {Allyn Smith}, J. and {Smith}, Martin C. and {Smol{\v{c}}i{\'c}}, Vernesa and {Snedden}, Stephanie A. and {Stebbins}, Albert and {Steinmetz}, Matthias and {Stoughton}, Chris and {Strauss}, Michael A. and {SubbaRao}, Mark and {Suto}, Yasushi and {Szalay}, Alexander S. and {Szapudi}, Istv{\'a}n and {Szkody}, Paula and {Tanaka}, Masayuki and {Tegmark}, Max and {Teodoro}, Luis F.~A. and {Thakar}, Aniruddha R. and {Tremonti}, Christy A. and {Tucker}, Douglas L. and {Uomoto}, Alan and {Vanden Berk}, Daniel E. and {Vandenberg}, Jan and {Vidrih}, S. and {Vogeley}, Michael S. and {Voges}, Wolfgang and {Vogt}, Nicole P. and {Wadadekar}, Yogesh and {Watters}, Shannon and {Weinberg}, David H. and {West}, Andrew A. and {White}, Simon D.~M. and {Wilhite}, Brian C. and {Wonders}, Alainna C. and {Yanny}, Brian and {Yocum}, D.~R. and {York}, Donald G. and {Zehavi}, Idit and {Zibetti}, Stefano and {Zucker}, Daniel B.},
        title = "{The Seventh Data Release of the Sloan Digital Sky Survey}",
      journal = {\apjs},
     keywords = {atlases, catalogs, surveys, Astrophysics},
         year = 2009,
        month = jun,
       volume = {182},
       number = {2},
        pages = {543-558},
          doi = {10.1088/0067-0049/182/2/543},
archivePrefix = {arXiv},
       eprint = {0812.0649},
 primaryClass = {astro-ph},
       adsurl = {https://ui.adsabs.harvard.edu/abs/2009ApJS..182..543A},
      adsnote = {Provided by the SAO/NASA Astrophysics Data System}
}

@ARTICLE{loon2021,
       author = {{van Loon}, Maria L. and {Mitchell}, Peter D. and {Schaye}, Joop},
        title = "{Explaining the scatter in the galaxy mass-metallicity relation with gas flows}",
      journal = {\mnras},
     keywords = {galaxies: evolution, galaxies: formation, Astrophysics - Astrophysics of Galaxies},
         year = 2021,
        month = jul,
       volume = {504},
       number = {4},
        pages = {4817-4828},
          doi = {10.1093/mnras/stab1254},
archivePrefix = {arXiv},
       eprint = {2101.11021},
 primaryClass = {astro-ph.GA},
       adsurl = {https://ui.adsabs.harvard.edu/abs/2021MNRAS.504.4817V},
      adsnote = {Provided by the SAO/NASA Astrophysics Data System}
}

@ARTICLE{lin2019,
       author = {{Lin}, Lihwai and {Pan}, Hsi-An and {Ellison}, Sara L. and {Belfiore}, Francesco and {Shi}, Yong and {S{\'a}nchez}, Sebasti{\'a}n F. and {Hsieh}, Bau-Ching and {Rowlands}, Kate and {Ramya}, S. and {Thorp}, Mallory D. and {Li}, Cheng and {Maiolino}, Roberto},
        title = "{The ALMaQUEST Survey: The Molecular Gas Main Sequence and the Origin of the Star-forming Main Sequence}",
      journal = {\apjl},
     keywords = {galaxies: evolution, galaxies: general, galaxies: star formation, Astrophysics - Astrophysics of Galaxies},
         year = 2019,
        month = oct,
       volume = {884},
       number = {2},
          eid = {L33},
        pages = {L33},
          doi = {10.3847/2041-8213/ab4815},
archivePrefix = {arXiv},
       eprint = {1909.11243},
 primaryClass = {astro-ph.GA},
       adsurl = {https://ui.adsabs.harvard.edu/abs/2019ApJ...884L..33L},
      adsnote = {Provided by the SAO/NASA Astrophysics Data System}
}

@ARTICLE{nagao2006,
       author = {{Nagao}, T. and {Maiolino}, R. and {Marconi}, A.},
        title = "{Gas metallicity diagnostics in star-forming galaxies}",
      journal = {\aap},
     keywords = {galaxies: abundances, galaxies: evolution, galaxies: general, galaxies: ISM, Hii regions, Astrophysics},
         year = 2006,
        month = nov,
       volume = {459},
       number = {1},
        pages = {85-101},
          doi = {10.1051/0004-6361:20065216},
archivePrefix = {arXiv},
       eprint = {astro-ph/0603580},
 primaryClass = {astro-ph},
       adsurl = {https://ui.adsabs.harvard.edu/abs/2006A&A...459...85N},
      adsnote = {Provided by the SAO/NASA Astrophysics Data System}
}

@ARTICLE{maiolino2008,
       author = {{Maiolino}, R. and {Nagao}, T. and {Grazian}, A. and {Cocchia}, F. and {Marconi}, A. and {Mannucci}, F. and {Cimatti}, A. and {Pipino}, A. and {Ballero}, S. and {Calura}, F. and {Chiappini}, C. and {Fontana}, A. and {Granato}, G.~L. and {Matteucci}, F. and {Pastorini}, G. and {Pentericci}, L. and {Risaliti}, G. and {Salvati}, M. and {Silva}, L.},
        title = "{AMAZE. I. The evolution of the mass-metallicity relation at z > 3}",
      journal = {\aap},
     keywords = {ISM: abundances, galaxies: abundances, galaxies: evolution, galaxies: high-redshift, galaxies: starburst, Astrophysics},
         year = 2008,
        month = sep,
       volume = {488},
       number = {2},
        pages = {463-479},
          doi = {10.1051/0004-6361:200809678},
archivePrefix = {arXiv},
       eprint = {0806.2410},
 primaryClass = {astro-ph},
       adsurl = {https://ui.adsabs.harvard.edu/abs/2008A&A...488..463M},
      adsnote = {Provided by the SAO/NASA Astrophysics Data System}
}

@ARTICLE{marino2013,
       author = {{Marino}, R.~A. and {Rosales-Ortega}, F.~F. and {S{\'a}nchez}, S.~F. and {Gil de Paz}, A. and {V{\'\i}lchez}, J. and {Miralles-Caballero}, D. and {Kehrig}, C. and {P{\'e}rez-Montero}, E. and {Stanishev}, V. and {Iglesias-P{\'a}ramo}, J. and {D{\'\i}az}, A.~I. and {Castillo-Morales}, A. and {Kennicutt}, R. and {L{\'o}pez-S{\'a}nchez}, A.~R. and {Galbany}, L. and {Garc{\'\i}a-Benito}, R. and {Mast}, D. and {Mendez-Abreu}, J. and {Monreal-Ibero}, A. and {Husemann}, B. and {Walcher}, C.~J. and {Garc{\'\i}a-Lorenzo}, B. and {Masegosa}, J. and {Del Olmo Orozco}, A. and {Mour{\~a}o}, A.~M. and {Ziegler}, B. and {Moll{\'a}}, M. and {Papaderos}, P. and {S{\'a}nchez-Bl{\'a}zquez}, P. and {Gonz{\'a}lez Delgado}, R.~M. and {Falc{\'o}n-Barroso}, J. and {Roth}, M.~M. and {van de Ven}, G. and {Califa Team}},
        title = "{The O3N2 and N2 abundance indicators revisited: improved calibrations based on CALIFA and T$_{e}$-based literature data}",
      journal = {\aap},
     keywords = {Galaxy: abundances, Galaxy: evolution, ISM: abundances, HII regions, techniques: spectroscopic, Astrophysics - Cosmology and Nongalactic Astrophysics},
         year = 2013,
        month = nov,
       volume = {559},
          eid = {A114},
        pages = {A114},
          doi = {10.1051/0004-6361/201321956},
archivePrefix = {arXiv},
       eprint = {1307.5316},
 primaryClass = {astro-ph.CO},
       adsurl = {https://ui.adsabs.harvard.edu/abs/2013A&A...559A.114M},
      adsnote = {Provided by the SAO/NASA Astrophysics Data System}
}

@ARTICLE{brown2016,
       author = {{Brown}, Jonathan S. and {Martini}, Paul and {Andrews}, Brett H.},
        title = "{A recalibration of strong-line oxygen abundance diagnostics via the direct method and implications for the high-redshift universe}",
      journal = {\mnras},
     keywords = {ISM: abundances, galaxies: abundances, galaxies: active, galaxies: evolution, galaxies: ISM, Astrophysics - Astrophysics of Galaxies},
         year = 2016,
        month = may,
       volume = {458},
       number = {2},
        pages = {1529-1547},
          doi = {10.1093/mnras/stw392},
archivePrefix = {arXiv},
       eprint = {1602.01087},
 primaryClass = {astro-ph.GA},
       adsurl = {https://ui.adsabs.harvard.edu/abs/2016MNRAS.458.1529B},
      adsnote = {Provided by the SAO/NASA Astrophysics Data System}
}

@ARTICLE{curti2017,
       author = {{Curti}, M. and {Cresci}, G. and {Mannucci}, F. and {Marconi}, A. and {Maiolino}, R. and {Esposito}, S.},
        title = "{New fully empirical calibrations of strong-line metallicity indicators in star-forming galaxies}",
      journal = {\mnras},
     keywords = {ISM: abundances, galaxies: abundances, galaxies: evolution, galaxies: ISM, Astrophysics - Astrophysics of Galaxies},
         year = 2017,
        month = feb,
       volume = {465},
       number = {2},
        pages = {1384-1400},
          doi = {10.1093/mnras/stw2766},
archivePrefix = {arXiv},
       eprint = {1610.06939},
 primaryClass = {astro-ph.GA},
       adsurl = {https://ui.adsabs.harvard.edu/abs/2017MNRAS.465.1384C},
      adsnote = {Provided by the SAO/NASA Astrophysics Data System}
}

@ARTICLE{zaritsky1994,
       author = {{Zaritsky}, Dennis and {Kennicutt}, Robert C., Jr. and {Huchra}, John P.},
        title = "{H II Regions and the Abundance Properties of Spiral Galaxies}",
      journal = {\apj},
     keywords = {Abundance, H Ii Regions, Irregular Galaxies, Oxygen, Spiral Galaxies, Disk Galaxies, Emission Spectra, Metallicity, Stellar Luminosity, Astrophysics, GALAXIES: ABUNDANCES, GALAXIES: SPIRAL, ISM: H II REGIONS},
         year = 1994,
        month = jan,
       volume = {420},
        pages = {87},
          doi = {10.1086/173544},
       adsurl = {https://ui.adsabs.harvard.edu/abs/1994ApJ...420...87Z},
      adsnote = {Provided by the SAO/NASA Astrophysics Data System}
}

@ARTICLE{yesuf2019,
       author = {{Yesuf}, Hassen M. and {Ho}, Luis C.},
        title = "{Dirt-cheap Gas Scaling Relations: Using Dust Absorption, Metallicity, and Galaxy Size to Predict Gas Masses for Large Samples of Galaxies}",
      journal = {\apj},
     keywords = {dust, extinction, galaxies: evolution, galaxies: ISM, galaxies: star formation, ISM: molecules, Astrophysics - Astrophysics of Galaxies, Astrophysics - Cosmology and Nongalactic Astrophysics},
         year = 2019,
        month = oct,
       volume = {884},
       number = {2},
          eid = {177},
        pages = {177},
          doi = {10.3847/1538-4357/ab4202},
archivePrefix = {arXiv},
       eprint = {1910.11542},
 primaryClass = {astro-ph.GA},
       adsurl = {https://ui.adsabs.harvard.edu/abs/2019ApJ...884..177Y},
      adsnote = {Provided by the SAO/NASA Astrophysics Data System}
}

@ARTICLE{barnes2001,
       author = {{Barnes}, D.~G. and {Staveley-Smith}, L. and {de Blok}, W.~J.~G. and {Oosterloo}, T. and {Stewart}, I.~M. and {Wright}, A.~E. and {Banks}, G.~D. and {Bhathal}, R. and {Boyce}, P.~J. and {Calabretta}, M.~R. and {Disney}, M.~J. and {Drinkwater}, M.~J. and {Ekers}, R.~D. and {Freeman}, K.~C. and {Gibson}, B.~K. and {Green}, A.~J. and {Haynes}, R.~F. and {te Lintel Hekkert}, P. and {Henning}, P.~A. and {Jerjen}, H. and {Juraszek}, S. and {Kesteven}, M.~J. and {Kilborn}, V.~A. and {Knezek}, P.~M. and {Koribalski}, B. and {Kraan-Korteweg}, R.~C. and {Malin}, D.~F. and {Marquarding}, M. and {Minchin}, R.~F. and {Mould}, J.~R. and {Price}, R.~M. and {Putman}, M.~E. and {Ryder}, S.~D. and {Sadler}, E.~M. and {Schr{\"o}der}, A. and {Stootman}, F. and {Webster}, R.~L. and {Wilson}, W.~E. and {Ye}, T.},
        title = "{The HI Parkes All Sky Survey: southern observations, calibration and robust imaging}",
      journal = {\mnras},
     keywords = {INSTRUMENTATION: DETECTORS, METHODS: OBSERVATIONAL, METHODS: STATISTICAL, TECHNIQUES: IMAGE PROCESSING, SURVEYS, RADIO LINES: GALAXIES},
         year = 2001,
        month = apr,
       volume = {322},
       number = {3},
        pages = {486-498},
          doi = {10.1046/j.1365-8711.2001.04102.x},
       adsurl = {https://ui.adsabs.harvard.edu/abs/2001MNRAS.322..486B},
      adsnote = {Provided by the SAO/NASA Astrophysics Data System}
}

@ARTICLE{lang2003,
       author = {{Lang}, Robert H. and {Boyce}, Peter J. and {Kilborn}, Virginia A. and {Minchin}, Robert F. and {Disney}, Michael J. and {Jordan}, Christine A. and {Grossi}, Marco and {Garcia}, Diego A. and {Freeman}, Ken C. and {Phillipps}, Steven and {Wright}, Alan E.},
        title = "{First results from the HI Jodrell All Sky Survey: inclination-dependent selection effects in a 21-cm blind survey}",
      journal = {\mnras},
     keywords = {surveys, galaxies: distances and redshifts, galaxies: evolution, galaxies: luminosity function, mass function, large-scale structure of Universe, Astrophysics},
         year = 2003,
        month = jul,
       volume = {342},
       number = {3},
        pages = {738-758},
          doi = {10.1046/j.1365-8711.2003.06535.x},
archivePrefix = {arXiv},
       eprint = {astro-ph/0302317},
 primaryClass = {astro-ph},
       adsurl = {https://ui.adsabs.harvard.edu/abs/2003MNRAS.342..738L},
      adsnote = {Provided by the SAO/NASA Astrophysics Data System}
}

@ARTICLE{winkel2010,
       author = {{Winkel}, B. and {Kalberla}, P.~M.~W. and {Kerp}, J. and {Fl{\"o}er}, L.},
        title = "{The Effelsberg-Bonn H I Survey: Data Reduction}",
      journal = {\apjs},
     keywords = {methods: data analysis, techniques: spectroscopic, Astrophysics - Instrumentation and Methods for Astrophysics},
         year = 2010,
        month = jun,
       volume = {188},
       number = {2},
        pages = {488-499},
          doi = {10.1088/0067-0049/188/2/488},
archivePrefix = {arXiv},
       eprint = {1005.4604},
 primaryClass = {astro-ph.IM},
       adsurl = {https://ui.adsabs.harvard.edu/abs/2010ApJS..188..488W},
      adsnote = {Provided by the SAO/NASA Astrophysics Data System}
}

@ARTICLE{chung2009,
       author = {{Chung}, Aeree and {van Gorkom}, J.~H. and {Kenney}, Jeffrey D.~P. and {Crowl}, Hugh and {Vollmer}, Bernd},
        title = "{VLA Imaging of Virgo Spirals in Atomic Gas (VIVA). I. The Atlas and the H I Properties}",
      journal = {\aj},
     keywords = {galaxies: clusters: general, galaxies: evolution, galaxies: interactions, galaxies: kinematics and dynamics},
         year = 2009,
        month = dec,
       volume = {138},
       number = {6},
        pages = {1741-1816},
          doi = {10.1088/0004-6256/138/6/1741},
       adsurl = {https://ui.adsabs.harvard.edu/abs/2009AJ....138.1741C},
      adsnote = {Provided by the SAO/NASA Astrophysics Data System}
}

@ARTICLE{tinsley1980,
       author = {{Tinsley}, B.~M.},
        title = "{Evolution of the Stars and Gas in Galaxies}",
      journal = {\fcp},
     keywords = {Astrophysics - Astrophysics of Galaxies},
         year = 1980,
        month = jan,
       volume = {5},
        pages = {287-388},
          doi = {10.48550/arXiv.2203.02041},
archivePrefix = {arXiv},
       eprint = {2203.02041},
 primaryClass = {astro-ph.GA},
       adsurl = {https://ui.adsabs.harvard.edu/abs/1980FCPh....5..287T},
      adsnote = {Provided by the SAO/NASA Astrophysics Data System}
}

@ARTICLE{lemonias2011,
       author = {{Lemonias}, Jenna J. and {Schiminovich}, David and {Thilker}, David and {Wyder}, Ted K. and {Martin}, D. Christopher and {Seibert}, Mark and {Treyer}, Marie A. and {Bianchi}, Luciana and {Heckman}, Timothy M. and {Madore}, Barry F. and {Rich}, R. Michael},
        title = "{The Space Density of Extended Ultraviolet (XUV) Disks in the Local Universe and Implications for Gas Accretion onto Galaxies}",
      journal = {\apj},
     keywords = {galaxies: evolution, galaxies: formation, galaxies: structure, surveys, ultraviolet: galaxies, Astrophysics - Cosmology and Nongalactic Astrophysics},
         year = 2011,
        month = jun,
       volume = {733},
       number = {2},
          eid = {74},
        pages = {74},
          doi = {10.1088/0004-637X/733/2/74},
archivePrefix = {arXiv},
       eprint = {1104.4501},
 primaryClass = {astro-ph.CO},
       adsurl = {https://ui.adsabs.harvard.edu/abs/2011ApJ...733...74L},
      adsnote = {Provided by the SAO/NASA Astrophysics Data System}
}

@ARTICLE{casasola2017,
       author = {{Casasola}, V. and {Cassar{\`a}}, L.~P. and {Bianchi}, S. and {Verstocken}, S. and {Xilouris}, E. and {Magrini}, L. and {Smith}, M.~W.~L. and {De Looze}, I. and {Galametz}, M. and {Madden}, S.~C. and {Baes}, M. and {Clark}, C. and {Davies}, J. and {De Vis}, P. and {Evans}, R. and {Fritz}, J. and {Galliano}, F. and {Jones}, A.~P. and {Mosenkov}, A.~V. and {Viaene}, S. and {Ysard}, N.},
        title = "{Radial distribution of dust, stars, gas, and star-formation rate in DustPedia face-on galaxies}",
      journal = {\aap},
     keywords = {dust, extinction, ISM: molecules, galaxies: ISM, galaxies: spiral, galaxies: structure, galaxies: photometry, Astrophysics - Astrophysics of Galaxies},
         year = 2017,
        month = sep,
       volume = {605},
          eid = {A18},
        pages = {A18},
          doi = {10.1051/0004-6361/201731020},
archivePrefix = {arXiv},
       eprint = {1706.05351},
 primaryClass = {astro-ph.GA},
       adsurl = {https://ui.adsabs.harvard.edu/abs/2017A&A...605A..18C},
      adsnote = {Provided by the SAO/NASA Astrophysics Data System}
}

@ARTICLE{dacunha2008,
       author = {{da Cunha}, Elisabete and {Charlot}, St{\'e}phane and {Elbaz}, David},
        title = "{A simple model to interpret the ultraviolet, optical and infrared emission from galaxies}",
      journal = {\mnras},
     keywords = {dust, extinction, galaxies: ISM, galaxies: stellar content, infrared: galaxies, Astrophysics},
         year = 2008,
        month = aug,
       volume = {388},
       number = {4},
        pages = {1595-1617},
          doi = {10.1111/j.1365-2966.2008.13535.x},
archivePrefix = {arXiv},
       eprint = {0806.1020},
 primaryClass = {astro-ph},
       adsurl = {https://ui.adsabs.harvard.edu/abs/2008MNRAS.388.1595D},
      adsnote = {Provided by the SAO/NASA Astrophysics Data System}
}

@ARTICLE{jones2018,
       author = {{Jones}, Michael G. and {Haynes}, Martha P. and {Giovanelli}, Riccardo and {Moorman}, Crystal},
        title = "{The ALFALFA H I mass function: a dichotomy in the low-mass slope and a locally suppressed `knee' mass}",
      journal = {\mnras},
     keywords = {surveys, galaxies: luminosity function, mass function, radio lines: galaxies, Astrophysics - Astrophysics of Galaxies},
         year = 2018,
        month = jun,
       volume = {477},
       number = {1},
        pages = {2-17},
          doi = {10.1093/mnras/sty521},
archivePrefix = {arXiv},
       eprint = {1802.00053},
 primaryClass = {astro-ph.GA},
       adsurl = {https://ui.adsabs.harvard.edu/abs/2018MNRAS.477....2J},
      adsnote = {Provided by the SAO/NASA Astrophysics Data System}
}

@ARTICLE{fletcher2021,
       author = {{Fletcher}, Thomas J. and {Saintonge}, Am{\'e}lie and {Soares}, Paula S. and {Pontzen}, Andrew},
        title = "{The cosmic abundance of cold gas in the local Universe}",
      journal = {\mnras},
     keywords = {ISM: molecules, galaxies: ISM, galaxies: luminosity function, cosmological parameters, Astrophysics - Astrophysics of Galaxies},
         year = 2021,
        month = feb,
       volume = {501},
       number = {1},
        pages = {411-418},
          doi = {10.1093/mnras/staa3025},
archivePrefix = {arXiv},
       eprint = {2002.04959},
 primaryClass = {astro-ph.GA},
       adsurl = {https://ui.adsabs.harvard.edu/abs/2021MNRAS.501..411F},
      adsnote = {Provided by the SAO/NASA Astrophysics Data System}
}

@ARTICLE{janowiecki2018,
       author = {{Janowiecki}, Steven and {Cortese}, Luca and {Catinella}, Barbara and {Goodwin}, Adelle J.},
        title = "{Lurking systematics in predicting galaxy cold gas masses using dust luminosities and star formation rates}",
      journal = {\mnras},
     keywords = {dust, extinction, galaxies: ISM, infrared: galaxies, radio lines: galaxies, Astrophysics - Astrophysics of Galaxies},
         year = 2018,
        month = may,
       volume = {476},
       number = {1},
        pages = {1390-1404},
          doi = {10.1093/mnras/sty242},
archivePrefix = {arXiv},
       eprint = {1801.08687},
 primaryClass = {astro-ph.GA},
       adsurl = {https://ui.adsabs.harvard.edu/abs/2018MNRAS.476.1390J},
      adsnote = {Provided by the SAO/NASA Astrophysics Data System}
}

@ARTICLE{scoville2014,
       author = {{Scoville}, N. and {Aussel}, H. and {Sheth}, K. and {Scott}, K.~S. and {Sanders}, D. and {Ivison}, R. and {Pope}, A. and {Capak}, P. and {Vanden Bout}, P. and {Manohar}, S. and {Kartaltepe}, J. and {Robertson}, B. and {Lilly}, S.},
        title = "{The Evolution of Interstellar Medium Mass Probed by Dust Emission: ALMA Observations at z = 0.3-2}",
      journal = {\apj},
     keywords = {dust, extinction, evolution, galaxies: ISM, galaxies: starburst, Astrophysics - Astrophysics of Galaxies, Astrophysics - Cosmology and Nongalactic Astrophysics},
         year = 2014,
        month = mar,
       volume = {783},
       number = {2},
          eid = {84},
        pages = {84},
          doi = {10.1088/0004-637X/783/2/84},
archivePrefix = {arXiv},
       eprint = {1401.2987},
 primaryClass = {astro-ph.GA},
       adsurl = {https://ui.adsabs.harvard.edu/abs/2014ApJ...783...84S},
      adsnote = {Provided by the SAO/NASA Astrophysics Data System}
}

@ARTICLE{desi2022,
       author = {{Abareshi}, B. and {Aguilar}, J. and {Ahlen}, S. and {Alam}, Shadab and {Alexander}, David M. and {Alfarsy}, R. and {Allen}, L. and {Allende Prieto}, C. and {Alves}, O. and {Ameel}, J. and {Armengaud}, E. and {Asorey}, J. and {Aviles}, Alejandro and {Bailey}, S. and {Balaguera-Antol{\'\i}nez}, A. and {Ballester}, O. and {Baltay}, C. and {Bault}, A. and {Beltran}, S.~F. and {Benavides}, B. and {BenZvi}, S. and {Berti}, A. and {Besuner}, R. and {Beutler}, Florian and {Bianchi}, D. and {Blake}, C. and {Blanc}, P. and {Blum}, R. and {Bolton}, A. and {Bose}, S. and {Bramall}, D. and {Brieden}, S. and {Brodzeller}, A. and {Brooks}, D. and {Brownewell}, C. and {Buckley-Geer}, E. and {Cahn}, R.~N. and {Cai}, Z. and {Canning}, R. and {Carnero Rosell}, A. and {Carton}, P. and {Casas}, R. and {Castander}, F.~J. and {Cervantes-Cota}, J.~L. and {Chabanier}, S. and {Chaussidon}, E. and {Chuang}, C. and {Circosta}, C. and {Cole}, S. and {Cooper}, A.~P. and {da Costa}, L. and {Cousinou}, M. -C. and {Cuceu}, A. and {Davis}, T.~M. and {Dawson}, K. and {de la Cruz-Noriega}, R. and {de la Macorra}, A. and {de Mattia}, A. and {Della Costa}, J. and {Demmer}, P. and {Derwent}, M. and {Dey}, A. and {Dey}, B. and {Dhungana}, G. and {Ding}, Z. and {Dobson}, C. and {Doel}, P. and {Donald-McCann}, J. and {Donaldson}, J. and {Douglass}, K. and {Duan}, Y. and {Dunlop}, P. and {Edelstein}, J. and {Eftekharzadeh}, S. and {Eisenstein}, D.~J. and {Enriquez-Vargas}, M. and {Escoffier}, S. and {Evatt}, M. and {Fagrelius}, P. and {Fan}, X. and {Fanning}, K. and {Fawcett}, V.~A. and {Ferraro}, S. and {Ereza}, J. and {Flaugher}, B. and {Font-Ribera}, A. and {Forero-Romero}, J.~E. and {Frenk}, C.~S. and {Fromenteau}, S. and {G{\"a}nsicke}, B.~T. and {Garcia-Quintero}, C. and {Garrison}, L. and {Gazta{\~n}aga}, E. and {Gerardi}, F. and {Gil-Mar{\'\i}n}, H. and {Gontcho}, S. Gontcho A and {Gonzalez-Morales}, Alma X. and {Gonzalez-de-Rivera}, G. and {Gonzalez-Perez}, V. and {Gordon}, C. and {Graur}, O. and {Green}, D. and {Grove}, C. and {Gruen}, D. and {Gutierrez}, G. and {Guy}, J. and {Hahn}, C. and {Harris}, S. and {Herrera}, D. and {Herrera-Alcantar}, Hiram K. and {Honscheid}, K. and {Howlett}, C. and {Huterer}, D. and {Ir{\v{s}}i{\v{c}}}, V. and {Ishak}, M. and {Jelinsky}, P. and {Jiang}, L. and {Jimenez}, J. and {Jing}, Y.~P. and {Joyce}, R. and {Jullo}, E. and {Juneau}, S. and {Kara{\c{c}}ayl{\i}}, N.~G. and {Karamanis}, M. and {Karcher}, A. and {Karim}, T. and {Kehoe}, R. and {Kent}, S. and {Kirkby}, D. and {Kisner}, T. and {Kitaura}, F. and {Koposov}, S.~E. and {Kov{\'a}cs}, A. and {Kremin}, A. and {Krolewski}, Alex and {L'Huillier}, B. and {Lahav}, O. and {Lambert}, A. and {Lamman}, C. and {Lan}, Ting-Wen and {Landriau}, M. and {Lane}, S. and {Lang}, D. and {Lange}, J.~U. and {Lasker}, J. and {Le Guillou}, L. and {Leauthaud}, A. and {Le Van Suu}, A. and {Levi}, Michael E. and {Li}, T.~S. and {Magneville}, C. and {Manera}, M. and {Manser}, Christopher J. and {Marshall}, B. and {McCollam}, W. and {McDonald}, P. and {Meisner}, Aaron M. and {Mezcua}, J. Mena-Fern{\'a}ndez M. and {Miller}, T. and {Miquel}, R. and {Montero-Camacho}, P. and {Moon}, J. and {Martini}, J. Paul and {Meneses-Rizo}, J. and {Moustakas}, J. and {Mueller}, E. and {Mu{\~n}oz-Guti{\'e}rrez}, Andrea and {Myers}, Adam D. and {Nadathur}, S. and {Najita}, J. and {Napolitano}, L. and {Neilsen}, E. and {Newman}, Jeffrey A. and {Nie}, J.~D. and {Ning}, Y. and {Niz}, G. and {Norberg}, P. and {Noriega}, Hern{\'a}n E. and {O'Brien}, T. and {Obuljen}, A. and {Palanque-Delabrouille}, N. and {Palmese}, A. and {Zhiwei}, P. and {Pappalardo}, D. and {Peng}, X. and {Percival}, W.~J. and {Perruchot}, S. and {Pogge}, R. and {Poppett}, C. and {Porredon}, A. and {Prada}, F. and {Prochaska}, J. and {Pucha}, R. and {P{\'e}rez-Fern{\'a}ndez}, A. and {P{\'e}rez-R{\'a}fols}, I. and {Rabinowitz}, D. and {Raichoor}, A. and {Ramirez-Solano}, S. and {Ram{\'\i}rez-P{\'e}rez}, C{\'e}sar and {Ravoux}, C. and {Reil}, K. and {Rezaie}, M. and {Rocher}, A. and {Rockosi}, C. and {Roe}, N.~A. and {Roodman}, A. and {Ross}, A.~J. and {Rossi}, G. and {Ruggeri}, R. and {Ruhlmann-Kleider}, V. and {Sabiu}, C.~G. and {Safonova}, S. and {Said}, K. and {Saintonge}, A. and {Salas Catonga}, Javier and {Samushia}, L. and {Sanchez}, E. and {Saulder}, C. and {Schaan}, E. and {Schlafly}, E. and {Schlegel}, D. and {Schmoll}, J. and {Scholte}, D. and {Schubnell}, M. and {Secroun}, A. and {Seo}, H. and {Serrano}, S. and {Sharples}, Ray M. and {Sholl}, Michael J. and {Silber}, Joseph Harry and {Silva}, D.~R. and {Sirk}, M. and {Siudek}, M. and {Smith}, A. and {Sprayberry}, D. and {Staten}, R. and {Stupak}, B. and {Tan}, T. and {Tarl{\'e}}, Gregory and {Sien Tie}, Suk and {Tojeiro}, R. and {Ure{\~n}a-L{\'o}pez}, L.~A. and {Valdes}, F. and {Valenzuela}, O. and {Valluri}, M. and {Vargas-Maga{\~n}a}, M. and {Verde}, L. and {Walther}, M. and {Wang}, B. and {Wang}, M.~S. and {Weaver}, B.~A. and {Weaverdyck}, C. and {Wechsler}, R. and {Wilson}, Michael J. and {Yang}, J. and {Yu}, Y. and {Yuan}, S. and {Y{\`e}che}, Christophe and {Zhang}, H. and {Zhang}, K. and {Zhao}, Cheng and {Zhou}, Rongpu and {Zhou}, Zhimin and {Zou}, H. and {Zou}, J. and {Zou}, S. and {Zu}, Y.},
        title = "{Overview of the Instrumentation for the Dark Energy Spectroscopic Instrument}",
      journal = {arXiv e-prints},
     keywords = {Astrophysics - Instrumentation and Methods for Astrophysics, Astrophysics - Cosmology and Nongalactic Astrophysics},
         year = 2022,
        month = may,
          eid = {arXiv:2205.10939},
        pages = {arXiv:2205.10939},
archivePrefix = {arXiv},
       eprint = {2205.10939},
 primaryClass = {astro-ph.IM},
       adsurl = {https://ui.adsabs.harvard.edu/abs/2022arXiv220510939A},
      adsnote = {Provided by the SAO/NASA Astrophysics Data System}
}

@ARTICLE{driver2019,
       author = {{Driver}, S.~P. and {Liske}, J. and {Davies}, L.~J.~M. and {Robotham}, A.~S.~G. and {Baldry}, I.~K. and {Brown}, M.~J.~I. and {Cluver}, M. and {Kuijken}, K. and {Loveday}, J. and {McMahon}, R. and {Meyer}, M.~J. and {Norberg}, P. and {Owers}, M. and {Power}, C. and {Taylor}, E.~N. and {WAVES Team}},
        title = "{4MOST Consortium Survey 7: Wide-Area VISTA Extragalactic Survey (WAVES)}",
      journal = {The Messenger},
     keywords = {Astrophysics - Astrophysics of Galaxies, Astrophysics - Cosmology and Nongalactic Astrophysics},
         year = 2019,
        month = mar,
       volume = {175},
        pages = {46-49},
          doi = {10.18727/0722-6691/5126},
archivePrefix = {arXiv},
       eprint = {1903.02473},
 primaryClass = {astro-ph.GA},
       adsurl = {https://ui.adsabs.harvard.edu/abs/2019Msngr.175...46D},
      adsnote = {Provided by the SAO/NASA Astrophysics Data System}
}

@INPROCEEDINGS{dalton2012,
       author = {{Dalton}, Gavin and {Trager}, Scott C. and {Abrams}, Don Carlos and {Carter}, David and {Bonifacio}, Piercarlo and {Aguerri}, J. Alfonso L. and {MacIntosh}, Mike and {Evans}, Chris and {Lewis}, Ian and {Navarro}, Ramon and {Agocs}, Tibor and {Dee}, Kevin and {Rousset}, Sophie and {Tosh}, Ian and {Middleton}, Kevin and {Pragt}, Johannes and {Terrett}, David and {Brock}, Matthew and {Benn}, Chris and {Verheijen}, Marc and {Cano Infantes}, Diego and {Bevil}, Craige and {Steele}, Iain and {Mottram}, Chris and {Bates}, Stuart and {Gribbin}, Francis J. and {Rey}, J{\"u}rg and {Rodriguez}, Luis Fernando and {Delgado}, Jose Miguel and {Guinouard}, Isabelle and {Walton}, Nic and {Irwin}, Michael J. and {Jagourel}, Pascal and {Stuik}, Remko and {Gerlofsma}, Gerrit and {Roelfsma}, Ronald and {Skillen}, Ian and {Ridings}, Andy and {Balcells}, Marc and {Daban}, Jean-Baptiste and {Gouvret}, Carole and {Venema}, Lars and {Girard}, Paul},
        title = "{WEAVE: the next generation wide-field spectroscopy facility for the William Herschel Telescope}",
    booktitle = {Ground-based and Airborne Instrumentation for Astronomy IV},
         year = 2012,
       editor = {{McLean}, Ian S. and {Ramsay}, Suzanne K. and {Takami}, Hideki},
       series = {Society of Photo-Optical Instrumentation Engineers (SPIE) Conference Series},
       volume = {8446},
        month = sep,
          eid = {84460P},
        pages = {84460P},
          doi = {10.1117/12.925950},
       adsurl = {https://ui.adsabs.harvard.edu/abs/2012SPIE.8446E..0PD},
      adsnote = {Provided by the SAO/NASA Astrophysics Data System}
}

@ARTICLE{cirasuolo2020,
       author = {{Cirasuolo}, M. and {Fairley}, A. and {Rees}, P. and {Gonzalez}, O.~A. and {Taylor}, W. and {Maiolino}, R. and {Afonso}, J. and {Evans}, C. and {Flores}, H. and {Lilly}, S. and {Oliva}, E. and {Paltani}, S. and {Vanzi}, L. and {Abreu}, M. and {Accardo}, M. and {Adams}, N. and {{\'A}lvarez M{\'e}ndez}, D. and {Amans}, J. -P. and {Amarantidis}, S. and {Atek}, H. and {Atkinson}, D. and {Banerji}, M. and {Barrett}, J. and {Barrientos}, F. and {Bauer}, F. and {Beard}, S. and {B{\'e}chet}, C. and {Belfiore}, A. and {Bellazzini}, M. and {Benoist}, C. and {Best}, P. and {Biazzo}, K. and {Black}, M. and {Boettger}, D. and {Bonifacio}, P. and {Bowler}, R. and {Bragaglia}, A. and {Brierley}, S. and {Brinchmann}, J. and {Brinkmann}, M. and {Buat}, V. and {Buitrago}, F. and {Burgarella}, D. and {Burningham}, B. and {Buscher}, D. and {Cabral}, A. and {Caffau}, E. and {Cardoso}, L. and {Carnall}, A. and {Carollo}, M. and {Castillo}, R. and {Castignani}, G. and {Catelan}, M. and {Cicone}, C. and {Cimatti}, A. and {Cioni}, M. -R.~L. and {Clementini}, G. and {Cochrane}, W. and {Coelho}, J. and {Colling}, M. and {Contini}, T. and {Contreras}, R. and {Conzelmann}, R. and {Cresci}, G. and {Cropper}, M. and {Cucciati}, O. and {Cullen}, F. and {Cumani}, C. and {Curti}, M. and {Da Silva}, A. and {Daddi}, E. and {Dalessandro}, E. and {Dalessio}, F. and {Dauvin}, L. and {Davidson}, G. and {de Laverny}, P. and {Delplancke-Str{\"o}bele}, F. and {De Lucia}, G. and {Del Vecchio}, C. and {Dessauges-Zavadsky}, M. and {Di Matteo}, P. and {Dole}, H. and {Drass}, H. and {Dunlop}, J. and {D{\"u}nner}, R. and {Eales}, S. and {Ellis}, R. and {Enriques}, B. and {Fasola}, G. and {Ferguson}, A. and {Ferruzzi}, D. and {Fisher}, M. and {Flores}, M. and {Fontana}, A. and {Forchi}, V. and {Francois}, P. and {Franzetti}, P. and {Gargiulo}, A. and {Garilli}, B. and {Gaudemard}, J. and {Gieles}, M. and {Gilmore}, G. and {Ginolfi}, M. and {Gomes}, J.~M. and {Guinouard}, I. and {Gutierrez}, P. and {Haigron}, R. and {Hammer}, F. and {Hammersley}, P. and {Haniff}, C. and {Harrison}, C. and {Haywood}, M. and {Hill}, V. and {Hubin}, N. and {Humphrey}, A. and {Ibata}, R. and {Infante}, L. and {Ives}, D. and {Ivison}, R. and {Iwert}, O. and {Jablonka}, P. and {Jakob}, G. and {Jarvis}, M. and {King}, D. and {Kneib}, J. -P. and {Laporte}, P. and {Lawrence}, A. and {Lee}, D. and {Li Causi}, G. and {Lorenzoni}, S. and {Lucatello}, S. and {Luco}, Y. and {Macleod}, A. and {Magliocchetti}, M. and {Magrini}, L. and {Mainieri}, V. and {Maire}, C. and {Mannucci}, F. and {Martin}, N. and {Matute}, I. and {Maurogordato}, S. and {McGee}, S. and {Mcleod}, D. and {McLure}, R. and {McMahon}, R. and {Melse}, B. -T. and {Messias}, H. and {Mucciarelli}, A. and {Nisini}, B. and {Nix}, J. and {Norberg}, P. and {Oesch}, P. and {Oliveira}, A. and {Origlia}, L. and {Padilla}, N. and {Palsa}, R. and {Pancino}, E. and {Papaderos}, P. and {Pappalardo}, C. and {Parry}, I. and {Pasquini}, L. and {Peacock}, J. and {Pedichini}, F. and {Pello}, R. and {Peng}, Y. and {Pentericci}, L. and {Pfuhl}, O. and {Piazzesi}, R. and {Popovic}, D. and {Pozzetti}, L. and {Puech}, M. and {Puzia}, T. and {Raichoor}, A. and {Randich}, S. and {Recio-Blanco}, A. and {Reis}, S. and {Reix}, F. and {Renzini}, A. and {Rodrigues}, M. and {Rojas}, F. and {Rojas-Arriagada}, {\'A}. and {Rota}, S. and {Royer}, F. and {Sacco}, G. and {Sanchez-Janssen}, R. and {Sanna}, N. and {Santos}, P. and {Sarzi}, M. and {Schaerer}, D. and {Schiavon}, R. and {Schnell}, R. and {Schultheis}, M. and {Scodeggio}, M. and {Serjeant}, S. and {Shen}, T. -C. and {Simmonds}, C. and {Smoker}, J. and {Sobral}, D. and {Sordet}, M. and {Sp{\'e}rone}, D. and {Strachan}, J. and {Sun}, X. and {Swinbank}, M. and {Tait}, G. and {Tereno}, I. and {Tojeiro}, R. and {Torres}, M. and {Tosi}, M. and {Tozzi}, A. and {Tresiter}, E. and {Valenti}, E. and {Valenzuela Navarro}, {\'A}. and {Vanzella}, E. and {Vergani}, S. and {Verhamme}, A. and {Vernet}, J. and {Vignali}, C. and {Vinther}, J. and {Von Dran}, L. and {Waring}, C. and {Watson}, S. and {Wild}, V. and {Willesme}, B. and {Woodward}, B. and {Wuyts}, S. and {Yang}, Y. and {Zamorani}, G. and {Zoccali}, M. and {Bluck}, A. and {Trussler}, J.},
        title = "{MOONS: The New Multi-Object Spectrograph for the VLT}",
      journal = {The Messenger},
     keywords = {Astrophysics - Instrumentation and Methods for Astrophysics, Astrophysics - Cosmology and Nongalactic Astrophysics, Astrophysics - Astrophysics of Galaxies},
         year = 2020,
        month = jun,
       volume = {180},
        pages = {10-17},
          doi = {10.18727/0722-6691/5195},
archivePrefix = {arXiv},
       eprint = {2009.00628},
 primaryClass = {astro-ph.IM},
       adsurl = {https://ui.adsabs.harvard.edu/abs/2020Msngr.180...10C},
      adsnote = {Provided by the SAO/NASA Astrophysics Data System}
}

@ARTICLE{astropy2013,
       author = {{Astropy Collaboration} and {Robitaille}, Thomas P. and {Tollerud}, Erik J. and {Greenfield}, Perry and {Droettboom}, Michael and {Bray}, Erik and {Aldcroft}, Tom and {Davis}, Matt and {Ginsburg}, Adam and {Price-Whelan}, Adrian M. and {Kerzendorf}, Wolfgang E. and {Conley}, Alexander and {Crighton}, Neil and {Barbary}, Kyle and {Muna}, Demitri and {Ferguson}, Henry and {Grollier}, Fr{\'e}d{\'e}ric and {Parikh}, Madhura M. and {Nair}, Prasanth H. and {Unther}, Hans M. and {Deil}, Christoph and {Woillez}, Julien and {Conseil}, Simon and {Kramer}, Roban and {Turner}, James E.~H. and {Singer}, Leo and {Fox}, Ryan and {Weaver}, Benjamin A. and {Zabalza}, Victor and {Edwards}, Zachary I. and {Azalee Bostroem}, K. and {Burke}, D.~J. and {Casey}, Andrew R. and {Crawford}, Steven M. and {Dencheva}, Nadia and {Ely}, Justin and {Jenness}, Tim and {Labrie}, Kathleen and {Lim}, Pey Lian and {Pierfederici}, Francesco and {Pontzen}, Andrew and {Ptak}, Andy and {Refsdal}, Brian and {Servillat}, Mathieu and {Streicher}, Ole},
        title = "{Astropy: A community Python package for astronomy}",
      journal = {\aap},
     keywords = {methods: data analysis, methods: miscellaneous, virtual observatory tools, Astrophysics - Instrumentation and Methods for Astrophysics},
         year = 2013,
        month = oct,
       volume = {558},
          eid = {A33},
        pages = {A33},
          doi = {10.1051/0004-6361/201322068},
archivePrefix = {arXiv},
       eprint = {1307.6212},
 primaryClass = {astro-ph.IM},
       adsurl = {https://ui.adsabs.harvard.edu/abs/2013A&A...558A..33A},
      adsnote = {Provided by the SAO/NASA Astrophysics Data System}
}

@ARTICLE{hunter2007,
       author = {{Hunter}, John D.},
        title = "{Matplotlib: A 2D Graphics Environment}",
      journal = {Computing in Science and Engineering},
     keywords = {Python, Scripting languages, Application development, Scientific programming},
         year = 2007,
        month = may,
       volume = {9},
       number = {3},
        pages = {90-95},
          doi = {10.1109/MCSE.2007.55},
       adsurl = {https://ui.adsabs.harvard.edu/abs/2007CSE.....9...90H},
      adsnote = {Provided by the SAO/NASA Astrophysics Data System}
}

@MISC{reback2020,
       author = {{Reback}, Jeff and {McKinney}, Wes and {jbrockmendel} and {Van den Bossche}, Joris and {Augspurger}, Tom and {Cloud}, Phillip and {gfyoung} and {Sinhrks} and {Klein}, Adam and {Roeschke}, Matthew and {Hawkins}, Simon and {Tratner}, Jeff and {She}, Chang and {Ayd}, William and {Petersen}, Terji and {Garcia}, Marc and {Schendel}, Jeremy and {Hayden}, Andy and {MomIsBestFriend} and {Jancauskas}, Vytautas and {Battiston}, Pietro and {Seabold}, Skipper and {chris-b1} and {h-vetinari} and {Hoyer}, Stephan and {Overmeire}, Wouter and {alimcmaster1} and {Dong}, Kaiqi and {Whelan}, Christopher and {Mehyar}, Mortada},
        title = "{pandas-dev/pandas: Pandas 1.0.3}",
 howpublished = {Zenodo},
         year = 2020,
        month = mar,
          eid = {10.5281/zenodo.3715232},
          doi = {10.5281/zenodo.3715232},
      version = {v1.0.3},
    publisher = {Zenodo},
       adsurl = {https://ui.adsabs.harvard.edu/abs/2020zndo...3715232R},
      adsnote = {Provided by the SAO/NASA Astrophysics Data System}
}

@ARTICLE{barrera-ballesteros2021,
       author = {{Barrera-Ballesteros}, J.~K. and {Heckman}, T. and {S{\'a}nchez}, S.~F. and {Drory}, N. and {Cruz-Gonzalez}, I. and {Carigi}, L. and {Riffel}, R.~A. and {Boquien}, M. and {Tissera}, P. and {Bizyaev}, D. and {Rong}, Y. and {Boardman}, N.~F. and {Alvarez Hurtado}, P. and {MaNGA Team}},
        title = "{SDSS-IV MaNGA: A Star Formation-Baryonic Mass Relation at Kiloparsec Scales}",
      journal = {\apj},
     keywords = {Disk galaxies, Spiral galaxies, Surveys, Scaling relations, Star-forming regions, 391, 1560, 1671, 2031, 1565, Astrophysics - Astrophysics of Galaxies},
         year = 2021,
        month = mar,
       volume = {909},
       number = {2},
          eid = {131},
        pages = {131},
          doi = {10.3847/1538-4357/abd855},
archivePrefix = {arXiv},
       eprint = {2101.02711},
 primaryClass = {astro-ph.GA},
       adsurl = {https://ui.adsabs.harvard.edu/abs/2021ApJ...909..131B},
      adsnote = {Provided by the SAO/NASA Astrophysics Data System}
}

@ARTICLE{lutz2021,
       author = {{Lutz}, K.~A. and {Saintonge}, A. and {Catinella}, B. and {Cortese}, L. and {Eisenhauer}, F. and {Kramer}, C. and {Moran}, S.~M. and {Tacconi}, L.~J. and {Vollmer}, B. and {Wang}, J.},
        title = "{xCOLD GASS and xGASS: Radial metallicity gradients and global properties on the star-forming main sequence}",
      journal = {\aap},
     keywords = {ISM: abundances, galaxies: abundances, galaxies: evolution, galaxies: ISM, Astrophysics - Astrophysics of Galaxies},
         year = 2021,
        month = may,
       volume = {649},
          eid = {A39},
        pages = {A39},
          doi = {10.1051/0004-6361/202038961},
archivePrefix = {arXiv},
       eprint = {2102.09909},
 primaryClass = {astro-ph.GA},
       adsurl = {https://ui.adsabs.harvard.edu/abs/2021A&A...649A..39L},
      adsnote = {Provided by the SAO/NASA Astrophysics Data System}
}

